3366 5132
809 521 1021 587 ..10-

325 727 397 775 aves
431 707 586 776 invalidas
619 707 827 795 timidasque,
863 710 895 773 in
918 709 1029 792 primis
1053 709 1214 775 columbas
1237 713 1386 787 venatur,
1415 728 1504 776 usur·

324 817 431 897 patam
454 811 594 879 videmus
618 813 655 878 Il.
679 834 698 878 ν
720 813 763 879 62
785 832 852 896 sqq.
876 801 947 878 et'o
969 812 1033 878 237
1057 831 1114 896 sq,
1150 831 1282 896 quorum
1309 812 1412 895 priore
1438 813 1506 879 loco

324 918 417 1000 poeta
432 914 617 998 Neptunum
639 916 808 982 abeuntem
823 915 963 999 accipitri
980 915 1109 996 confert,
1127 915 1181 998 qui
1205 919 1405 1000 epraerupta
1419 921 1508 1000 petra

324 1020 579 1086 excelsalevatus
602 1039 656 1103 per
677 1020 843 1103 planitiem
867 1039 956 1086 avom
979 1019 1059 1086 alius
1074 1022 1196 1104 generis
1211 1020 1335 1103 insequi
1350 1024 1507 1103 properat,

325 1124 495 1206 posteriore
510 1126 615 1189 antem
631 1124 743 1208 Apollo
760 1124 798 1190 de
814 1123 919 1190 Idaeis
934 1124 1093 1190 montibus
1109 1127 1299 1191 descendens
1322 1124 1422 1189 eidem
1445 1123 1506 1204 avi,

325 1245 403 1308 quae
425 1230 473 1292 est
495 1226 659 1292 celerrima
682 1228 823 1294 omnium
845 1226 1019 1308 volucrum,
1044 1227 1161 1293 similis
1185 1227 1309 1294 dicitur.

426 1332 484 1398 His
506 1349 543 1394 or
564 1330 826 1397 similitudinibus
859 1332 893 1396 in
916 1332 1025 1414 primis
1062 1350 1131 1397 eam
1154 1332 1256 1414 priore
1279 1332 1348 1396 loco
1370 1330 1506 1412 positam

325 1437 399 1502 ante
423 1434 527 1500 oculos
550 1434 696 1500 habuisse
724 1435 848 1501 videtur
871 1434 1047 1517 Vergilius,
1077 1453 1149 1500 cum
1179 1438 1257 1502 Aen.
1281 1434 1328 1499 XI
1352 1433 1411 1498 721
1436 1449 1505 1515 sqq.

325 1539 507 1623 accipitrem
520 1539 697 1604 columbam
718 1541 962 1621 consequentem
974 1544 1005 1604 et
1018 1540 1187 1606 crudeliter
1197 1542 1360 1604 necantem
1376 1536 1507 1616 inducit,

326 1648 361 1709 ut
384 1640 542 1725 singulare
564 1641 644 1707 illud
667 1640 819 1707 Camillae
842 1642 963 1708 factum
985 1642 1134 1722 illustret,
1159 1662 1238 1726 quae
1254 1641 1407 1724 perfidum
1423 1638 1509 1705 Anni

324 1747 427 1812 filium
449 1747 644 1829 persequitur
666 1746 698 1810 et
721 1746 979 1829 comprehensum
1002 1751 1109 1813 necat:

530 1882 610 1934 quam
628 1867 709 1932 focile
728 1867 859 1934 accipiter
877 1883 945 1921 saco
962 1883 1039 1921 sacer
1056 1867 1114 1922 oles
1131 1868 1165 1921 ob
1184 1867 1241 1921 alto

530 1953 708 2020 comaquitur
721 1954 822 2020 piamc's
839 1954 980 2008 sublimem
998 1956 1030 2008 im
1047 1954 1118 2008 nube
1135 1954 1285 2008 columbam

531 2056 772 2108 comprensamque
790 2046 864 2094 temet
879 2040 1050 2110 pedibusque
1069 2042 1201 2096 evaderet
1220 2040 1312 2094 aucis:

530 2132 589 2180 tum
606 2141 689 2180 cruor
707 2132 732 2180 et
749 2127 839 2180 aeteae
856 2127 990 2180 labuntur
1008 2128 1042 2181 ab
1060 2127 1169 2181 aethere
1184 2127 1303 2195 plumae.

327 2253 414 2320 cuius
436 2249 584 2334 imaginis
615 2252 752 2316 extrema
774 2269 845 2333 pars
868 2269 1014 2335 magnam
1045 2252 1139 2318 babet
1169 2248 1413 2316 similitudinem
1436 2266 1508 2313 cum

326 2355 455 2421 Homeri
478 2354 620 2438 augurio,
645 2355 725 2437 quod
749 2355 834 2420 extat
857 2355 916 2422 Od.
940 2374 957 2421 o
979 2353 1043 2420 525
1065 2374 1148 2438 sqq:

532 2474 571 2537 ὣς
589 2475 644 2544 ἄρα
663 2473 690 2529 οἱ
708 2472 817 2528 εἰπόντι
835 2475 979 2530 ἐπέπτατο
999 2478 1089 2542 δεξιὸς
1107 2478 1192 2546 ὄρνις,

531 2559 633 2629 κίρκος,
652 2562 832 2625 Ἀπόλλωνος
850 2564 939 2629 ταχὺς
958 2565 1091 2630 ἄγγελος·
1114 2566 1146 2618 ἐν
1167 2566 1198 2618 δὲ
1216 2565 1354 2619 πόδεσσιν

530 2647 607 2702 τίλλε
625 2648 742 2703 πέλειαν
761 2650 844 2715 ἔχων,
863 2650 936 2703 κατὰ
955 2651 986 2705 δὲ
1004 2651 1095 2721 πτερὰ
1114 2655 1197 2717 χεῦεν
1216 2651 1307 2718 ἔραζε.

428 2770 579 2838 Horatius
602 2789 721 2855 quoque
757 2774 886 2838 eandem
918 2772 1048 2857 praebet
1075 2774 1246 2858 imaginem
1280 2792 1317 2838 en
1350 2771 1506 2854 accipitris

326 2876 439 2938 natura
461 2873 593 2955 petitam
617 2873 651 2940 O.
675 2875 690 2939 l
713 2876 765 2956 37,
785 2878 824 2941 17
842 2895 897 2959 sq.,
915 2895 975 2958 quo
992 2877 1146 2942 Romanos
1163 2876 1283 2952 avocat,
1300 2878 1337 2941 ut
1353 2875 1508 2942 laetitiam

327 2974 454 3058 capiant
493 2995 528 3042 ex
562 2979 662 3041 morte
696 2976 894 3061 Cleopatrae,
930 2998 1023 3061 quam
1056 2978 1169 3046 Caesar
1203 2981 1298 3046 remis
1333 2981 1509 3062 adurguens

327 3082 510 3161 persecutus
533 3079 588 3145 sit:

742 3237 749 3252 .
777 3239 782 3251 .
810 3237 817 3252 .
845 3238 852 3252 .
876 3201 1008 3270 accipiter
1025 3202 1099 3257 celat

532 3285 624 3340 molles
642 3286 807 3342 columbas.
835 3325 843 3338 .
871 3327 878 3340 .
906 3328 912 3341 .

430 3390 560 3458 Ovidius
576 3393 708 3476 denique
723 3393 798 3460 Met.
816 3394 843 3458 V
856 3393 920 3460 604
932 3413 998 3478 sqq.
1016 3394 1098 3460 hanc
1114 3395 1283 3478 imaginem
1298 3413 1361 3458 una
1376 3411 1447 3460 cum
1463 3409 1507 3471 ea,

326 3515 405 3579 quae
427 3516 444 3561 e
467 3496 671 3562 timidissima
705 3497 867 3563 columbae
900 3499 1004 3564 indole
1039 3498 1139 3580 petita
1172 3505 1235 3573 ost,
1270 3497 1443 3579 usurpavit.
1475 3494 1508 3560 in

326 3600 448 3665 decima
470 3601 554 3665 enim
570 3601 675 3666 fabula
690 3600 783 3666 huius
800 3601 872 3666 libri
887 3603 978 3685 poeta
994 3603 1184 3667 Arethusam
1201 3600 1305 3667 Cereri
1328 3603 1508 3666 narrantem

328 3701 419 3781 facit,
442 3703 704 3786 quemadmodum
738 3706 770 3770 in
794 3703 912 3770 fontem
936 3707 1058 3770 mutata
1080 3707 1131 3770 sit.
1167 3724 1228 3788 qua
1262 3705 1295 3768 in
1329 3703 1508 3768 narratione

328 3804 467 3888 nympha
488 3805 545 3870 has
568 3812 699 3890 usurpat
721 3808 891 3890 imagines:

531 3925 571 3979 sic
589 3941 635 3995 cpe
653 3927 806 3993 currebam,
824 3928 864 3982 sic
882 3945 923 3981 me
940 3927 1019 3993 serus
1036 3929 1082 3982 iile
1096 3929 1245 3997 premebat,

531 4018 563 4066 ut
578 4013 677 4082 supere
694 4015 851 4082 accipitrem
866 4031 966 4082 pemmo
984 4015 1141 4084 trepidante
1158 4015 1303 4080 coluacbae,

532 4103 564 4152 ut
582 4100 649 4154 solet
667 4101 797 4168 accipiter
815 4102 940 4170 trepidas
958 4103 1066 4171 aptiore
1085 4103 1227 4158 columbos.

428 4219 655 4287 Similitudines
677 4225 715 4288 do
737 4222 955 4289 columbarum
978 4244 1090 4310 genere
1112 4227 1257 4307 sumptae
1280 4225 1351 4290 aliis
1379 4190 1504 4307 quoquo

327 4322 403 4387 locis
435 4321 475 4388 ab
510 4322 623 4391 Ouidio
656 4326 695 4390 ad
724 4324 974 4393 imbecillitatem
1009 4346 1217 4411 pavoremque
1256 4327 1507 4395 adumbrandum

327 4424 527 4507 adhibentur,
551 4427 650 4494 veluti
666 4430 744 4496 Met.
760 4429 865 4514 1506,
883 4430 929 4495 VI
944 4432 1017 4509 529,
1035 4431 1128 4498 Trist.
1146 4432 1161 4496 l
1180 4435 1207 4507 l,
1225 4431 1275 4499 75.
1292 4433 1330 4496 Δ.
1347 4431 1419 4496 n.1
1436 4429 1509 4497 117.

327 4530 416 4595 cuius
427 4530 576 4615 imaginis
587 4551 661 4597 usus
673 4532 825 4616 originem
841 4535 932 4616 poete
954 4534 1031 4599 mibi
1043 4535 1165 4600 dunmse
1176 4534 1299 4600 videtur
1311 4534 1350 4600 ab
1361 4533 1508 4610 Homero,
