3370 5134
828 405 1062 510 4104-
1166 411 1169 415 ’

558 647 609 685 mee
626 636 719 686 tamem
738 638 777 686 est
795 632 904 697 clamor,
922 633 971 686 sed
984 649 1090 700 parcue
1108 649 1250 687 murmura
1269 633 1348 698 socia
1408 699 1412 717 ι

558 718 654 786 qualia
672 717 705 772 cic
722 718 823 787 pelopi,
841 720 865 772 si
883 719 943 787 quis
957 719 1058 786 procul
1076 719 1183 784 audiat,
1203 721 1286 774 uudis

558 819 614 857 esse
632 804 724 870 soleat,
743 805 883 872 qualemve
900 821 1005 870 acuum,
1023 821 1084 859 cum
1103 807 1234 874 Iuppiter
1251 811 1329 860 atras

557 890 697 957 increpuit
715 891 808 959 mutes,
827 896 949 944 eutremu
966 891 1092 944 louitruu
1110 891 1241 946 reddunt.

352 1013 431 1076 quae
442 993 546 1080 imago
563 995 759 1080 ingeniosum
774 998 878 1078 prodit
893 995 1086 1062 imitatorem
1102 995 1251 1075 Lucretii,
1269 997 1322 1079 qui
1332 995 1379 1062 Vi
1394 997 1457 1062 160
1468 1016 1533 1082 sqq.

352 1099 391 1162 de
414 1098 532 1182 origine
557 1100 588 1164 et
611 1102 724 1164 natura
747 1100 839 1164 huius
863 1100 907 1163 rei
931 1100 1005 1164 haec
1028 1100 1183 1182 disputat:

556 1219 639 1289 sulpit
657 1219 728 1282 item,
747 1219 834 1272 uubes
850 1219 921 1288 ipuis
938 1235 1000 1273 cum
1017 1220 1120 1272 semiue
1138 1219 1225 1272 multu

557 1321 696 1359 excussere
714 1321 765 1359 suo
783 1320 935 1372 coucursu;
954 1321 1003 1359 ceu
1021 1304 1141 1373 lapidem
1158 1307 1184 1358 si

552 1393 695 1460 percutiat
714 1392 787 1460 lupis
805 1397 855 1445 aut
872 1391 993 1457 serrum:
1011 1409 1076 1445 uum
1095 1398 1152 1446 tum
1170 1409 1275 1461 quoque
1292 1394 1385 1447 lumeu

556 1480 636 1534 emilii
654 1485 680 1532 et
698 1480 788 1533 clerus
805 1480 940 1533 seiutillae
958 1478 1076 1547 dissipat
1094 1481 1175 1550 ipuis.

555 1564 604 1618 sed
622 1565 758 1618 tonitrum
774 1565 806 1631 pil
824 1565 867 1618 uti
882 1570 946 1632 post
964 1565 1078 1618 auribus
1097 1567 1274 1634 accipiamus,

488 1655 538 1706 165
555 1652 663 1720 sulpere
682 1668 763 1720 quum
782 1658 897 1704 ceruuut
915 1652 996 1718 oculi,
1014 1653 1080 1720 quia
1098 1669 1204 1722 semper
1222 1653 1260 1706 ud
1277 1654 1356 1706 curis

556 1738 668 1792 tardius
685 1737 837 1791 adoeuiuut
854 1754 937 1805 quam
955 1739 1043 1791 amum
1061 1754 1130 1807 puae
1149 1745 1275 1793 moreaul
1292 1755 1344 1793 res.

556 1825 587 1878 id
605 1825 667 1878 licet
684 1825 750 1878 time
767 1826 850 1878 elium
867 1841 1032 1892 copuoscere.
1052 1825 1164 1879 caedere
1182 1827 1207 1880 si
1225 1842 1302 1893 quem

556 1911 674 1980 ancipiti
691 1911 784 1966 videus
802 1912 879 1978 ferro
894 1912 995 1979 procul
1013 1912 1119 1965 arboris
1138 1919 1258 1976 uumum,

556 2004 621 2052 aute
638 1998 669 2066 (tt
687 2003 717 2052 ut
736 2013 832 2052 ceruus
850 2000 936 2052 ictum
953 2015 1036 2066 quum
1050 2000 1136 2068 plupe
1149 2016 1203 2068 per
1221 1993 1319 2052 auris

481 2087 537 2138 170
555 2084 601 2139 det
617 2085 752 2137 multum:
770 2085 809 2136 sie
825 2084 960 2154 fulporem
977 2101 1084 2153 quoque
1102 2086 1241 2140 ceruimus
1259 2091 1323 2140 cute

556 2187 639 2239 quum
657 2171 792 2224 tonitrum
810 2172 968 2238 accipimus,
983 2174 1092 2239 puriter
1110 2172 1158 2240 qui
1175 2172 1296 2226 mittitur
1313 2172 1372 2241 ipui

557 2273 570 2310 e
588 2256 673 2309 simili
691 2271 784 2321 causa,
803 2272 937 2310 coucursu
955 2264 1038 2311 mutus
1057 2257 1158 2313 eodem.

349 2362 462 2444 quain
484 2380 518 2425 re
540 2361 567 2424 si
590 2379 658 2425 eam
682 2379 801 2443 quoque
823 2363 943 2443 partem
978 2362 1204 2446 descriptionis,
1239 2381 1319 2444 quas
1352 2362 1391 2428 ad
1413 2361 1532 2426 fulmen

350 2466 495 2548 pertinet,
520 2465 578 2529 hoo
601 2464 667 2530 loco
692 2465 847 2546 exscripsi,
871 2465 903 2530 id
928 2485 988 2528 non
1013 2467 1079 2529 sine
1104 2466 1231 2530 consilio
1248 2466 1363 2530 factum
1382 2467 1439 2530 est.
1461 2485 1531 2530 nam

351 2569 380 2632 si
402 2569 442 2632 ad
464 2567 590 2651 singula
612 2569 643 2630 te
667 2567 867 2645 converteris,
903 2587 963 2632 non
998 2571 1113 2649 poterit
1147 2572 1178 2632 te
1211 2569 1317 2650 fugere
1340 2567 1532 2633 ‘excutiendi'

351 2670 481 2735 verbum
505 2690 541 2735 ex
564 2671 621 2735 hae
644 2670 781 2734 Lucretii
805 2671 947 2736 fulminis
971 2671 1176 2754 descriptione
1199 2674 1231 2735 in
1256 2669 1361 2736 Ovidii
1384 2671 1532 2737 similitu-

348 2775 457 2839 dinem
480 2793 496 2838 e
518 2775 651 2838 fulmine
674 2775 808 2856 petitam
831 2776 989 2854 receptam
1013 2793 1088 2850 esse,
1111 2775 1157 2840 ita
1173 2775 1307 2856 quidem,
1325 2777 1360 2838 ut
1375 2775 1533 2840 Nasonem

350 2881 471 2960 praeter
493 2877 685 2958 superiorem
707 2877 845 2941 Lucretii
870 2878 1110 2960 descriptionem
1134 2878 1226 2942 huius
1251 2895 1371 2960 quoque
1394 2877 1455 2944 loci
1478 2879 1532 2942 ali·

350 2985 503 3062 quatenus
526 2983 724 3045 recordatum
748 2999 811 3044 esse
836 2981 1012 3064 colligatur.

456 3083 542 3163 Quod
565 3087 670 3149 autem
693 3086 732 3149 ad
756 3086 926 3167 imaginem
950 3105 965 3150 e
988 3090 1107 3150 tonitru
1138 3086 1354 3168 depromptam
1388 3089 1531 3170 pertinet,

349 3187 412 3253 etsi
434 3187 599 3271 utriusque
621 3194 728 3270 poetae
758 3189 817 3253 loci
853 3190 939 3255 nullo
974 3192 1087 3255 artiore
1121 3191 1279 3255 oo'niunoti
1302 3192 1375 3255 sunt
1397 3190 1532 3270 vinculo,

350 3294 459 3358 tamen
493 3294 531 3357 ut
554 3291 703 3360 Ovidium
740 3293 919 3357 Lucretium
953 3295 1121 3376 respexisse
1154 3293 1329 3377 intellegas,
1364 3293 1533 3376 perlustres

351 3396 446 3460 velim
469 3415 514 3471 ea,
539 3415 616 3480 quae
639 3397 801 3462 Lucretius
824 3396 857 3460 in
881 3399 987 3461 eodem
1011 3397 1089 3461 libro
1106 3396 1199 3479 paulo
1215 3401 1287 3461 anto
1309 3416 1339 3460 v.
1356 3397 1397 3461 96
1413 3415 1481 3479 sqq.
1497 3401 1533 3464 de

350 3500 485 3566 tonitrus
502 3504 614 3566 natura
626 3501 758 3564 disserit.
773 3520 845 3565 narn
859 3519 932 3564 cum
943 3500 987 3564 ibi
1001 3500 1080 3565 hano
1092 3501 1226 3565 tonitrus
1238 3517 1366 3565 causam
1378 3501 1531 3584 proferat:

555 3621 693 3689 principio
711 3621 819 3675 touitru
838 3621 1005 3688 quat-tumtur
1022 3620 1133 3675 caerula
1151 3620 1221 3674 caeli

554 3713 708 3776 propterea
726 3708 792 3776 quio
811 3712 984 3760 roueurruut
1001 3707 1113 3760 sublime
1130 3707 1253 3761 comites

558 3793 697 3846 aetheriae
715 3793 801 3846 mutes
819 3799 916 3846 coutre
930 3793 1120 3862 pupuautibu'
1138 3794 1233 3848 oeulis.

555 3894 607 3931 uec
624 3878 657 3945 fit
675 3879 746 3932 euim
765 3879 871 3932 sortitus
888 3879 958 3931 carli
976 3878 1009 3932 de
1023 3885 1104 3946 purte
1121 3895 1226 3944 serame,

555 3979 649 4016 uerum
666 3965 715 4018 uti
733 3981 847 4033 cumque
864 3965 953 4033 mapis
971 3964 1054 4019 derso
1071 3971 1136 4019 suut
1154 3967 1263 4035 cpmime
1279 3965 1373 4030 mules,

557 4055 614 4103 tom
632 4051 717 4120 mapis
733 4051 798 4105 lriuc
816 4066 915 4120 mapuo
932 4050 1060 4116 fremitus
1077 4051 1110 4116 fit
1127 4067 1269 4105 murmure
1287 4065 1375 4118 saepe,

349 4154 422 4237 quis
445 4158 511 4221 tam
534 4175 642 4222 oaeous
665 4160 725 4234 est,
749 4157 825 4237 quin
849 4156 953 4220 rideat
974 4156 1132 4220 Nasonem
1155 4157 1212 4221 hae
1234 4155 1373 4220 Lucretii
1396 4156 1533 4238 desorip-

352 4263 445 4341 tione,
468 4263 501 4326 in
525 4280 585 4343 qna
607 4262 781 4326 tonitruum
804 4261 923 4326 sonitus
947 4279 1098 4340 magnum
1120 4280 1264 4326 murmur
1278 4267 1373 4344 atque
1390 4258 1532 4325 fremitus

352 4366 543 4446 nominatur,
567 4367 736 4432 excitatum
760 4385 836 4440 esse,
861 4367 896 4430 ut
920 4385 1062 4430 murmur
1077 4367 1109 4430 et
1125 4365 1287 4431 fremitum
1302 4366 1336 4429 in
1353 4366 1444 4430 domo
1461 4367 1533 4430 deae

351 4469 465 4534 Famae
489 4471 635 4536 extremis
652 4463 829 4536 ¹tonitribus
852 4469 1026 4535 conferret?
