3370 5134
620 532 830 595 ,99-

339 720 388 789 qai
405 720 479 774 color
498 719 611 785 infectis
628 716 739 772 aduersi
755 717 820 772 sotis
838 717 872 772 ab
890 717 947 771 icta

340 806 458 860 nubibas
477 822 532 862 esse
550 806 616 860 solet
634 810 684 860 aut
698 820 862 873 purpureae
881 819 1008 869 aurorae,

339 893 363 946 is
380 892 439 958 fait
457 893 489 947 ia
506 893 587 948 uultu
604 892 678 946 visae
695 891 756 944 siae
773 895 844 943 ueste
861 889 981 943 Πίαααε.

130 1000 247 1083 quibus
281 1020 317 1065 ex
340 1000 532 1083 imaginibus
568 999 652 1080 prior
686 997 845 1080 conspirat
879 1014 950 1060 cum
974 996 1064 1059 Lucr.
1088 993 1319 1075 V1204sqq.‚

131 1105 187 1170 ribi
209 1108 332 1187 praeter
354 1105 416 1172 alia
440 1105 516 1168 haec
538 1120 658 1186 quoque
682 1103 720 1164 ad
751 1099 893 1166 fulminis
929 1097 1082 1182 originem
1105 1095 1320 1180 explicandam

131 1209 350 1291 proferuntur:

340 1311 392 1365 bac
410 1310 493 1363 etiam
510 1309 543 1375 aa
561 1311 604 1362 uti
622 1308 655 1363 de
673 1323 759 1362 cuasa
776 1307 880 1360 arabilis
897 1307 944 1360 illc

341 1395 445 1450 devolet
463 1397 494 1449 iu
512 1401 616 1448 terram
634 1394 736 1463 liquidi
754 1395 825 1449 color
843 1409 946 1447 careas
964 1393 1045 1462 iguis,

340 1483 446 1537 semina
463 1481 535 1551 qaod
553 1483 638 1536 trabes
655 1483 730 1550 ipsos
744 1482 885 1549 permulta
902 1485 1040 1534 necessust

341 1571 413 1639 iguis
431 1569 543 1623 babere:
560 1570 660 1622 etenim
678 1584 740 1622 cam
757 1573 823 1622 suat
841 1568 1011 1621 ambrosiae
1028 1567 1094 1633 alto,

342 1657 484 1722 flammeas
502 1661 541 1708 est
555 1655 720 1723 plerumque
738 1655 809 1708 colos
826 1659 851 1707 et
868 1654 1031 1722 splendidus
1049 1654 1125 1708 eills.-

342 1743 411 1810 αντα
430 1743 510 1796 etium
527 1743 592 1794 sutis
610 1741 644 1794 de
662 1741 765 1794 lamiae
783 1741 871 1794 multu
889 1745 1021 1794 necessest

344 1829 495 1896 concipere,
514 1835 546 1882 at
564 1829 661 1881 merito
680 1828 796 1881 rubeant
814 1828 941 1896 manesque
955 1827 1142 1896 profunderet.

137 1935 218 2018 quod
242 1934 361 2000 autem,
384 1935 423 1998 ad
454 1934 587 1998 alteram
622 1934 736 1998 attinet
758 1933 927 2016 imaginem
952 1931 1156 2012 Gallienam,
1192 1951 1228 1997 ea
1251 1935 1322 2015 apte

137 2037 271 2104 conferri
293 2038 396 2120 potest
419 2055 492 2102 cum
514 2038 606 2102 Lacr.
631 2036 657 2098 V
682 2036 744 2102 656
768 2056 829 2118 sq.:

344 2145 462 2206 tempore
479 2140 543 2192 item
561 2144 634 2192 certo
652 2154 758 2192 roseam
776 2139 894 2192 Matuta
910 2156 961 2207 per
978 2155 1043 2193 oras

344 2227 465 2280 aetheris
483 2242 614 2279 auroram
632 2223 726 2293 differt
745 2231 771 2279 et
790 2226 897 2280 lamiae
912 2225 1015 2294 pandit
1039 2264 1045 2276 .
1072 2265 1079 2278 .
1106 2267 1113 2279 .

137 2351 250 2410 verum
273 2332 379 2396 tamen
402 2331 624 2395 similitudines
647 2330 722 2394 illae
745 2330 928 2412 neutiquam
951 2331 997 2395 ita
1021 2333 1094 2395 sunt
1117 2334 1322 2414 comparatae,

138 2443 175 2501 ut
199 2434 350 2501 Ovidium
373 2456 388 2499 e
412 2436 557 2500 Lucretio
581 2435 714 2516 pendere
737 2453 792 2517 pro
815 2441 898 2500 certo
923 2436 1069 2500 contendi
1098 2436 1209 2516 possit.
1248 2453 1323 2499 nam

139 2540 274 2605 Graecos
298 2559 417 2623 quoque
441 2541 596 2604 Auroram
620 2557 740 2604 roseam
763 2540 813 2603 vel
836 2559 1025 2622 purpuream
1040 2540 1199 2622 appellare
1216 2539 1323 2605 solitos

140 2663 206 2709 esse
228 2663 320 2708 nemo
344 2644 452 2721 nescit,
477 2643 574 2707 veluti
591 2643 670 2708 illud
694 2643 934 2724 ῥοδοδάκτυλος
959 2643 996 2708 de
1012 2645 1134 2709 Aurora
1149 2645 1181 2708 in
1197 2643 1326 2708 Homeri

141 2748 333 2812 carminibus
357 2749 506 2812 sollemne
530 2749 587 2812 est.
611 2752 704 2831 atque
726 2749 882 2812 ¹Arueram
905 2748 1007 2831 ipsam
1030 2749 1211 2813 illustrandi
1234 2767 1326 2813 causa

142 2856 248 2934 poetas
271 2852 450 2918 adhibuisse
473 2852 630 2916 Theocriti
653 2855 788 2916 testatur
811 2852 1002 2934 exemplum,
1027 2853 1080 2935 qni
1102 2852 1191 2936 idyll.
1214 2851 1326 2918 XVIII

143 2955 184 3019 26
207 2974 274 3040 sqq.
297 2956 435 3022 Helenae
458 2957 723 3039 pulchritudinem
747 2955 792 3020 sic
814 2955 1004 3021 illustravit:

348 3077 440 3132 πότνι’
460 3076 504 3130 ἅτ’
524 3076 691 3130 ἀντέλλοισα
710 3078 799 3130 καλὸν
818 3077 937 3143 διέφανε
955 3079 1113 3146 πρόσωπον

349 3163 422 3228 Ἀὼς
441 3166 458 3230 ἢ
480 3165 530 3217 ἅτε
549 3165 651 3218 λευκὸν
671 3165 721 3231 ἔαρ
740 3169 879 3230 χειμῶνος
898 3165 1031 3229 ἀνέντος·

352 3252 409 3305 ὧδε
427 3253 474 3305 καὶ
493 3252 510 3304 ἁ
528 3251 636 3318 χρυσέα
653 3251 753 3304 Ἑλένα
773 3251 932 3318 διαφαίνετ’
951 3253 983 3305 ἐν
1001 3254 1077 3318 ἁμῖν.

147 3357 226 3436 orior
248 3355 348 3440 igitur
371 3360 409 3421 de
433 3355 569 3420 nubibus
587 3356 793 3420 rutilantibus
810 3356 914 3438 imago
930 3357 1027 3421 simili
1044 3357 1164 3422 ratione
1179 3356 1328 3422 instituta

146 3460 300 3542 reperitur
322 3460 405 3542 apud
430 3458 605 3542 Vergilium
632 3460 711 3523 Aen.
739 3458 815 3521 VIII
840 3459 903 3522 622
926 3479 983 3540 sq..
1007 3461 1059 3525 ubi
1081 3463 1174 3542 poeta
1197 3461 1327 3526 loricam

148 3582 165 3627 a
189 3563 306 3628 Venere
329 3562 450 3626 Aeneae
476 3562 582 3625 datam
604 3562 808 3644 sanguineam
831 3562 926 3626 fuisse
951 3563 1071 3628 narrat:

357 3701 536 3717 ......
560 3664 649 3733 qualis
667 3680 728 3717 cara
747 3664 860 3717 caerula
878 3665 963 3718 nubes

350 3752 415 3805 solis
432 3750 582 3805 inardescit
600 3750 689 3804 radiis
708 3752 838 3822 longeque
854 3753 979 3822 refulget.

146 3875 208 3939 qua
230 3858 263 3921 in
285 3875 318 3920 re
341 3855 428 3921 Maro
453 3856 656 3937 Apollonium
687 3863 813 3923 secutus
841 3861 897 3935 est,
935 3857 987 3940 qui
1021 3860 1098 3940 Arg.
1127 3857 1172 3922 IV
1197 3858 1260 3924 125
1282 3877 1329 3940 sq.

148 3961 246 4026 vellus
269 3961 387 4045 νεφέλῃ
413 3961 589 4036 ἐναλίγκιον
612 3961 707 4025 fuisse
732 3963 824 4026 dicit:

562 4099 776 4118 .....
815 4067 834 4131 ἢ
853 4065 879 4118 τ’
898 4064 1028 4129 ἀνιόντος

353 4148 450 4216 ἠελίου
469 4153 644 4219 φλογερῇσιν
663 4151 810 4220 ἐρεύθεται
828 4151 998 4219 ἀκτίνεσσιν,

147 4253 194 4318 ita
210 4253 348 4336 quidem,
372 4259 407 4322 ut
430 4274 490 4320 non
513 4256 617 4321 minus
640 4257 812 4339 probabilis
835 4277 901 4324 esse
925 4260 1069 4325 rideatur
1092 4279 1129 4326 ea
1144 4259 1330 4344 coniectura,

148 4375 208 4440 qua
232 4358 378 4442 imaginis
394 4357 489 4423 illius
506 4357 677 4425 Ouidianee
702 4361 833 4426 lundam
850 4363 883 4428 iu
899 4361 958 4428 hoc
974 4365 1132 4447 Apollonii
1147 4366 1214 4431 Ioco
1229 4366 1332 4430 inesse

149 4479 340 4528 censeamus.
363 4465 417 4527 sed
441 4463 495 4542 eis,
519 4465 631 4545 quibus
654 4483 728 4530 usus
744 4470 792 4530 est
808 4465 948 4547 Ovidius,
973 4468 1077 4536 verbis
1099 4468 1233 4535 ‘adversi
1256 4468 1331 4534 solis

149 4565 187 4632 ab
211 4564 298 4648 idu’,
323 4566 454 4631 fortasse
476 4566 659 4648 adducaris,
682 4571 718 4633 ut
738 4567 887 4637 Ovidium
915 4575 1038 4654 praeter
1061 4571 1205 4639 Lucretii
1228 4575 1332 4641 Iocum

1190 4679 1231 4728 μ
