3366 5132
633 556 759 623 ..25
804 595 843 604 .-

148 760 184 805 ex
206 741 364 825 segetibus
379 742 431 805 vel
446 741 552 807 aristis
569 742 678 808 aliisve
694 743 811 826 plantis
828 744 1014 828 deprompta
1029 747 1218 824 illustratur,
1243 763 1329 827 quae,

148 862 220 909 eum
243 843 407 910 lenissime
430 864 506 910 anre
529 845 622 912 looile
644 850 839 927 moveantur,
864 849 983 931 optime
1006 849 1169 917 illustrant
1191 849 1331 914 homines

151 948 253 1014 subito
287 948 404 1014 terrore
438 948 661 1014 horrescentes.
697 950 743 1014 sio
782 952 873 1033 poete
908 953 997 1036 epist
1020 953 1050 1017 X
1077 953 1137 1018 139
1174 954 1333 1018 Ariadnen

149 1051 264 1116 Theseo
287 1052 363 1118 haee
386 1052 574 1118 scribentem
598 1053 689 1119 feeit:

355 1169 454 1221 eorpus
471 1159 503 1208 ut
520 1156 648 1223 inpulsae
666 1161 770 1226 seqetee
787 1158 973 1225 Aquilonibus
991 1159 1091 1228 torret,

151 1258 180 1322 et
202 1257 294 1342 epist.
319 1258 394 1322 XIV
417 1258 458 1324 39
481 1279 547 1342 sqq.
572 1262 849 1343 Hypermnestrem
873 1263 1008 1347 Lynoeo:

357 1367 389 1415 ut
408 1361 463 1415 leui
482 1362 608 1432 Zephyro
625 1361 742 1432 sraqr‘lee
760 1365 906 1418 vibrantur
923 1367 1033 1432 aristae,

407 1448 516 1516 friqr'da
529 1448 666 1516 populeus
683 1456 714 1504 ut
732 1452 822 1517 quatit
840 1467 913 1505 aura
932 1467 1031 1519 eomas,

356 1539 406 1588 aut
425 1535 464 1588 sio
482 1540 533 1587 aut
551 1535 634 1588 etiam
652 1536 752 1589 tremui
769 1537 855 1606 uaqa's
879 1576 885 1589 .
913 1575 920 1590 .
948 1575 954 1589 .

154 1638 260 1705 eadem
296 1639 471 1706 similitudo
506 1640 595 1706 nobis
629 1642 765 1706 ooourrit
798 1643 831 1707 in
855 1643 962 1708 fabula
985 1645 1022 1708 de
1045 1643 1199 1722 Ariadne,
1235 1662 1333 1726 quem

154 1742 284 1807 Ovidius
313 1744 354 1808 A.
377 1746 416 1808 A.
447 1744 463 1809 Ι
491 1745 554 1810 533
584 1763 650 1826 sqq.
681 1747 795 1811 narrat.
819 1746 877 1811 ille
900 1747 985 1812 enim
1007 1748 1086 1813 miro
1110 1751 1141 1813 et
1172 1747 1335 1829 inopinato

153 1847 267 1911 Baoohi
291 1847 417 1930 eiusque
441 1849 592 1913 uomitum
616 1849 754 1914 adventu
776 1850 962 1930 perterrita:

357 1951 472 2013 tonuit,
490 1954 521 2004 ut
538 1951 640 2004 sterilis
658 1953 744 2021 oqilat
763 1969 831 2020 quas
849 1958 945 2006 oeutus
964 1954 1073 2018 arlelas,

409 2043 441 2090 ut
458 2037 525 2090 leuis
543 2039 575 2090 r'u
593 2036 707 2091 madida
725 2055 819 2092 rauna
833 2037 939 2106 palude
957 2041 1063 2106 ινιτιαλ,Ι

155 2141 191 2204 el.
216 2161 242 2207 v.
266 2140 329 2206 553
352 2161 397 2224 sq.
427 2140 494 2221 Qua
517 2160 589 2207 oum
611 2144 749 2226 imagine
771 2164 788 2208 e
811 2146 928 2226 plantis
952 2165 1027 2211 aure
1049 2144 1212 2211 eommotis
1235 2143 1337 2225 petita

155 2263 299 2329 persaepe
340 2247 436 2310 etiam
465 2263 532 2311 sem
563 2247 763 2312 coniunctam
798 2248 939 2313 videmus
967 2248 1224 2325 similitudinem,
1257 2265 1336 2330 qnae

156 2350 193 2412 od
209 2367 295 2413 mare
311 2349 399 2413 tenui
417 2368 492 2414 eure
514 2351 734 2418 tremefactum
757 2352 909 2434 pertinet3
935 2353 1033 2417 veluti
1056 2350 1175 2417 Genese
1191 2351 1337 2417 Macareo

156 2452 242 2532 epist.
265 2453 312 2517 XI
335 2471 363 2517 v.
389 2450 430 2516 75
452 2471 518 2536 sqq.
544 2455 619 2518 haee
642 2454 773 2519 scribit:

359 2561 392 2608 ut
407 2571 484 2608 auare
502 2556 533 2624 fit
551 2558 705 2620 tremulum,
725 2557 806 2610 tenur'
824 2573 885 2610 curu
902 2559 1049 2627 strinqr'tur
1066 2573 1148 2620 aura,

412 2648 442 2694 ut
460 2641 585 2710 quatitur
603 2641 696 2709 tepido
715 2642 834 2708 fraxina
852 2643 930 2712 uirqa
948 2649 1029 2697 uoto:

358 2728 398 2781 sr'e
416 2745 476 2781 urea
494 2728 600 2782 vibrari
614 2729 754 2795 pallentia
772 2731 891 2783 membru
909 2728 1024 2784 uideres.

157 2832 293 2915 itemque
304 2834 375 2897 Am.
389 2833 404 2896 Ι
422 2832 451 2911 l,
467 2833 509 2898 53
525 2852 591 2916 sqq.
609 2835 736 2899 easdem
751 2838 932 2901 coniunctas
947 2836 1083 2917 legimus
1095 2834 1335 2900 similitudines:

361 2954 498 3006 exanimis
515 2959 594 3007 artus
613 2959 640 3007 et
656 2955 775 3007 membra
794 2956 940 3008 trementia
958 2954 1023 3018 vicli,

415 3045 445 3092 ut
464 3055 526 3092 oum
543 3041 675 3107 populeae
693 3042 809 3094 uentilat
828 3058 899 3094 aura
917 3056 1022 3094 eomas:

362 3131 393 3179 ut
412 3126 468 3178 lent
486 3126 614 3195 Zephyro
632 3127 745 3196 qraeilo's
763 3128 890 3180 uibratur
907 3127 1044 3192 harundo,

413 3227 549 3266 summane
568 3228 629 3266 eum
647 3211 739 3280 tepido
757 3214 906 3282 strr'uqilur
924 3213 1002 3266 unda
1020 3213 1100 3267 Note.

259 3317 343 3398 Quas
378 3318 602 3383 similitudines
636 3337 743 3384 omnes
779 3337 814 3382 ex
849 3319 983 3383 Homero
1017 3317 1142 3382 fluxisse
1176 3319 1339 3394 contendo,

158 3420 239 3501 apud
268 3437 361 3502 quem
393 3424 585 3491 Graecorum
619 3427 650 3487 et
679 3423 884 3488 Troianorum
919 3421 1061 3499 ordines,
1096 3421 1170 3486 dum
1198 3419 1341 3486 sedentes

160 3528 408 3606 commoventur,
440 3546 511 3592 oum
541 3527 632 3592 undis
655 3526 795 3609 Zephyro
825 3529 941 3592 oriente
971 3526 1113 3591 excitatis
1137 3524 1341 3591 conferuntur

160 3626 390 3710 ssqfflmu

364 3731 408 3798 οἵη
429 3732 461 3786 δέ
479 3733 624 3799 Ζεφύροιο
643 3732 764 3798 ἐχεύατο
782 3733 892 3786 πόντον
910 3733 955 3786 ἔπι
974 3735 1040 3801 φρὶξ

364 3819 532 3886 ὀρνυμένοιο
551 3819 628 3880 νέον,
648 3819 761 3883 μελάνει
780 3819 811 3872 δέ
830 3834 862 3872 τε
881 3819 987 3882 πόντος
1005 3818 1052 3872 ὑπ’
1072 3819 1172 3882 αὐτῆς,

161 3924 190 3985 et
212 3921 248 3987 ll.
277 3928 294 4002 β
321 3925 381 3989 144
417 3942 484 4006 sqq.
521 3923 623 3988 oontio
658 3926 815 3989 eommota
848 3922 1030 4006 ingentibus
1065 3924 1160 3987 meris
1189 3918 1338 3985 fluetibus

161 4026 325 4106 confertur,
351 4046 427 4110 quos
445 4026 546 4092 llnrus
562 4026 723 4108 Notusque
747 4027 904 4105 excitarit,
931 4025 979 4091 vel
1003 4042 1087 4109 agro,
1111 4025 1198 4089 onius
1215 4023 1342 4106 segetes

161 4127 299 4214 Zephyro
324 4133 502 4214 agitantur:

366 4219 468 4302 νινὴθη
489 4235 512 4288 δ’
533 4235 624 4303 ἀγορὴ
645 4237 685 4301 φὴ
706 4236 819 4299 κύματα
839 4235 931 4302 μακρὰ
951 4234 1096 4298 θαλάσσης

365 4323 473 4375 πόντου
493 4321 630 4388 Ἰκαρίοιο,
649 4322 685 4373 τά
705 4321 756 4385 μέν
775 4321 800 4373 τ’
820 4321 908 4388 Εύρός
926 4338 958 4374 τε
979 4321 1070 4382 Νότος
1088 4334 1120 4372 τε

366 4410 451 4475 ὤρορ’
470 4409 586 4472 ἐπαΐξας
604 4408 713 4475 πατρὸς
731 4408 800 4471 Διὸς
818 4409 849 4461 ἐκ
867 4408 1025 4473 νεφελάων.

365 4495 405 4558 ὼς
423 4496 447 4549 δ’
466 4497 515 4549 ότε
534 4495 636 4562 κινήσῃ
657 4495 789 4561 Ζέφυρος
808 4495 879 4560 βαθύ
899 4495 981 4560 λήϊον
1001 4493 1103 4555 ἐλθών,

365 4583 469 4649 λάβρος
487 4580 650 4646 ἐπαιγίζων,
670 4580 715 4634 ἐπί
733 4580 759 4634 τ’
778 4581 863 4646 ἠμύει
881 4580 1072 4645 ἀσταχύεσσιν
1097 4615 1103 4628 .
1132 4619 1137 4628 .
1166 4616 1173 4628 .
