3366 5132
636 547 847 612 ..11-

149 738 231 818 apud
254 754 347 818 quem
370 753 484 800 nomon
506 736 668 802 columbae
690 737 820 816 τρήρων
842 736 993 803 sollemne
1017 755 1082 803 esse
1106 755 1199 803 nemo
1222 739 1332 804 nescit.

151 839 188 904 ol.
214 856 335 922 quoque
368 838 542 921 imaginem
565 838 602 904 Il.
626 859 652 920 φ
675 836 739 904 493
773 841 804 904 et
832 841 974 925 auguria,
1007 858 1084 922 quae
1114 840 1335 907 describuntur

147 941 206 1009 Od,
230 960 248 1006 ο
271 939 345 1026 525,
368 945 401 1006 et
423 965 442 1007 υ
461 941 535 1008 242.
566 943 599 1007 in
628 943 808 1009 transcursu
836 945 1057 1010 tantummodo
1087 963 1333 1011 commemorare

147 1046 228 1111 mibi
249 1047 343 1112 liceat
366 1045 569 1130 Apollonium
591 1046 749 1113 Rhodium
773 1048 849 1133 Arg.
873 1049 890 1114 I
914 1048 1007 1127 1049,
1029 1047 1079 1112 ΙΙΙ
1101 1048 1176 1130 540,
1200 1051 1232 1113 et
1254 1049 1334 1114 Ver·

148 1150 265 1234 gilium
288 1150 367 1215 Aen.
392 1150 426 1214 II
448 1148 522 1229 516,
542 1150 572 1215 V
587 1149 661 1235 213,
678 1151 710 1216 in
726 1155 832 1218 eodem
849 1151 1023 1235 imaginum
1034 1170 1147 1237 genere
1158 1151 1198 1217 ad
1215 1153 1336 1217 colum·

148 1255 205 1319 bas
228 1253 454 1336 pertinentium
487 1256 665 1337 usurpando
701 1254 801 1321 multo
835 1256 1011 1322 accuratius
1033 1255 1165 1322 Homeri
1199 1255 1335 1339 vestigia

149 1358 316 1440 pressisse,
338 1357 371 1422 id
394 1358 476 1440 quod
499 1360 537 1424 de
560 1357 667 1424 Ouidii
695 1359 955 1426 similitudinibus
978 1360 1070 1426 buius
1093 1360 1215 1444 generis
1242 1359 1335 1426 adlir-

147 1460 229 1524 mari
252 1478 314 1525 non
336 1461 447 1543 potest.

253 1564 411 1647 Imagines
427 1583 446 1630 a
460 1564 612 1630 lusciniae
629 1569 742 1632 natura
754 1565 935 1648 desumptas
946 1567 1170 1648 perlustrantes
1188 1565 1217 1630 si
1228 1585 1334 1632 omnes

150 1684 214 1733 una
226 1671 397 1751 eademque
409 1669 530 1734 ratione
542 1668 705 1735 institutas
717 1689 783 1735 esse
794 1669 945 1746 videmus,
968 1669 1001 1735 id
1017 1669 1145 1736 minime
1160 1688 1216 1735 nos
1239 1669 1334 1735 miros

148 1769 265 1837 habere
287 1769 389 1836 debet.
413 1789 547 1853 namque
570 1772 650 1836 hano
664 1773 839 1856 imaginum
862 1772 989 1838 illarum
1004 1772 1247 1838 similitudinem
1269 1775 1335 1838 sine

149 1873 247 1940 dubio
271 1893 308 1938 or
330 1875 489 1940 communi
513 1876 599 1960 vulgi
624 1878 782 1960 opinione,
806 1877 889 1941 unde
910 1875 1020 1942 fabula
1041 1877 1080 1941 de
1102 1875 1279 1943 Philomela
1300 1880 1334 1942 et

149 1979 270 2043 Procne
286 1976 387 2054 fluxit,
404 1977 576 2061 proiectam
592 1997 659 2044 osse
674 1980 877 2044 statuendum
893 1980 952 2047 est.
975 1998 1054 2062 quoe
1071 1997 1120 2046 res
1135 1980 1185 2045 vel
1201 1979 1335 2045 maxime

148 2082 299 2163 probatur
315 2099 360 2156 eo,
376 2082 458 2163 quod
478 2100 584 2147 omnes
600 2082 665 2147 fere
680 2084 786 2166 poetas
802 2084 905 2166 potius
920 2081 1046 2148 fabulae
1062 2081 1148 2149 illius
1164 2083 1202 2148 de
1218 2082 1336 2148 Procne

149 2184 334 2268 divulgatae
356 2184 533 2250 meminisse
555 2203 648 2268 quam
674 2188 740 2252 ovis
763 2187 942 2253 dulcissimo
966 2191 1060 2253 cantu
1084 2189 1254 2253 commotos
1270 2205 1336 2252 esse

149 2289 302 2353 videmus.
328 2287 433 2370 itaque
455 2291 494 2356 ab
517 2289 660 2354 omuibus
692 2291 793 2372 poetis
816 2290 953 2356 luscinia
975 2293 1104 2357 amissos
1134 2307 1205 2357 suos
1233 2291 1335 2375 pullos

148 2410 284 2474 querens
306 2392 468 2458 inducitur
490 2393 590 2459 veluti
612 2393 651 2458 ab
675 2394 810 2461 Homero
832 2397 866 2460 in
881 2394 973 2461 Οιλτ
995 2395 1060 2462 518
1084 2413 1161 2479 sqq„
1186 2413 1246 2478 quo
1269 2394 1335 2459 loco

149 2495 253 2579 primo
276 2494 345 2560 eius
374 2496 460 2561 modi
494 2497 687 2579 comparatio
720 2498 890 2564 invenitur.
925 2499 1081 2581 Penelopa
1113 2498 1197 2566 enim
1231 2500 1335 2565 animo

151 2599 434 2678 fluctuans,utrum
446 2599 478 2663 iu
490 2598 548 2664 filii
561 2602 651 2666 domo
664 2604 824 2667 remaneat
842 2620 882 2666 an
900 2601 994 2667 alloni
1006 2602 1114 2682 nubat,
1126 2602 1334 2668 lamentatur:

358 2721 398 2783 ὡς
416 2721 441 2773 δ’
460 2722 510 2776 δτε
528 2722 701 2789 Πανδαρέου
722 2723 821 2790 κούρη,
840 2723 965 2790 χλωραῖς
982 2723 1105 2790 Ἀηδών,

358 2807 446 2859 καλὸν
466 2806 591 2877 ἀείδῃσιν
610 2809 694 2876 ἔαρος
713 2809 779 2862 νέον
798 2807 970 2876 ἱσταμένοιο,

360 2891 504 2961 δενδρέων
520 2894 552 2947 έν
570 2894 716 2950 πετάλοισι
734 2897 910 2963 καθεζομένη
930 2900 1099 2962 πυκινοῖσιν,

358 2981 411 3046 ῆτε
430 2980 508 3044 θαμὰ
525 2985 671 3047 τρωπῶσα
690 2981 748 3048 χέει
766 2983 913 3050 πολυηχέα
932 2981 1046 3050 φωνήν,

358 3065 436 3119 παῖδ’
455 3067 656 3135 ὀλοφυρομένη
676 3069 786 3122 Ἴτυλον
806 3067 902 3135 φίλον,
921 3071 955 3122 δν
973 3086 1044 3122 ποτε
1062 3072 1158 3138 χαλκῷ

356 3157 451 3208 κτεῖνε
471 3153 505 3206 δι’
522 3152 673 3221 ἀφραδίας,
692 3158 797 3222 κοῦρον
815 3154 922 3222 Ζήθοιο
940 3156 1072 3218 ἄνακτος.

256 3273 399 3340 Catullus
433 3277 542 3340 eadem
576 3275 712 3362 imagine
745 3277 778 3341 in
813 3295 906 3343 earm.
931 3277 1026 3354 LXV,
1061 3296 1121 3362 quo
1155 3276 1263 3342 fratris
1285 3277 1335 3342 sui

152 3379 288 3443 mortem
312 3378 448 3457 defleuit,
472 3399 545 3446 usius
568 3382 624 3445 est.
647 3375 789 3464 ‘semper’
811 3382 916 3464 inquit
938 3403 966 3447 ν.
993 3382 1048 3446 12:

465 3505 571 3554 maesto
589 3505 640 3553 tuo
658 3501 784 3555 carmina
801 3507 888 3555 morte
906 3519 1013 3568 canam,

359 3585 453 3654 qualia
468 3587 519 3640 cub
537 3586 628 3640 densis
645 3603 784 3642 ramorum
802 3589 924 3642 uocauit
940 3588 1042 3643 umbria

409 3671 686 3742 Doclicsoboocnpto'
703 3676 768 3740 scta
783 3671 891 3745 pameas
908 3675 1000 3742 Itylci.

258 3792 418 3877 Vergilius
444 3791 555 3880 Georg.
579 3795 626 3861 IV
648 3797 709 3862 511
738 3816 804 3880 sqq.
830 3795 1028 3864 lamentabili
1051 3795 1201 3862 lusciniae
1229 3795 1336 3877 cantu,

152 3915 234 3980 quae
262 3897 364 3980 pullos
394 3898 563 3982 implumes
586 3917 605 3964 a
632 3902 708 3965 duro
737 3905 859 3966 aratore
893 3900 966 3966 nido
996 3901 1151 3966 detractos
1182 3897 1332 3981 queritur,

154 4001 302 4084 lugubres
336 3999 408 4068 illos
431 4001 547 4086 Orphei
581 4008 689 4069 cantus
712 4002 866 4081 illustrat,
903 4003 1015 4085 quibus
1040 4004 1126 4069 vates
1161 3999 1336 4086 Eurydicen

153 4103 274 4170 iterum
298 4103 446 4171 amissam
470 4106 612 4171 deflevit:

362 4225 452 4293 quoles
467 4224 590 4293 populeo
608 4241 731 4278 moereas
746 4225 896 4292 philomelo
914 4225 963 4278 sub
981 4225 1079 4280 umbro

361 4312 472 4366 amasos
489 4311 617 4379 queritur
632 4311 713 4377 fetus,
733 4326 798 4378 quos
817 4309 905 4364 doacus
924 4317 1019 4364 orator

362 4398 508 4452 obaarouuo
525 4397 593 4450 aido
611 4397 743 4464 implumis
761 4396 898 4452 adorauit:
916 4404 945 4450 at
963 4397 1013 4450 illu

363 4483 538 4545 delaecione,
558 4498 688 4551 ramoque
705 4482 801 4536 sedeate
819 4483 973 4538 miserabile
990 4498 1100 4536 carmen

362 4569 492 4638 inrepunt,
511 4574 537 4624 et
555 4570 665 4623 maestis
683 4570 736 4623 lato
754 4570 815 4623 locu
831 4569 970 4638 questibus
986 4569 1090 4636 iruplet.
