3366 5132
849 491 1061 558 -18-

359 697 421 762 qua
462 678 496 744 in
539 677 714 745 imitatione
757 677 908 746 Ouidium
956 680 1035 746 illud
1079 685 1252 764 στρέφεται
1290 685 1383 750 verbo
1419 677 1549 750 ‘sorsat'

359 781 532 850 reddidisse
553 782 708 850 nominem
734 783 845 868 fugiet.

462 885 573 952 Altera
584 884 686 953 Ouidii
697 888 800 972 imago
812 905 848 953 ox
862 905 936 971 apro
951 888 1052 971 petita
1066 889 1220 973 reperitur
1236 891 1320 956 last.
1338 889 1369 955 ll
1385 891 1446 956 231
1466 907 1547 975 sqq,

359 988 415 1055 ubi
437 992 531 1072 poeto
552 989 717 1056 interitum
740 990 910 1057 Fabiorum
934 992 1017 1058 huno
1039 992 1073 1057 in
1096 993 1225 1059 modum
1250 994 1438 1060 celebravit:

565 1110 637 1164 αιάαό
654 1125 722 1178 aper
739 1109 817 1181 louge
834 1109 910 1166 soleis
929 1111 1120 1167 Laurentibus
1137 1119 1217 1168 aetus

617 1197 752 1262 fulmineo
770 1197 869 1252 eeteros
887 1197 1005 1266 ιίιῗκεέμαί
1024 1215 1071 1254 ore
1089 1215 1177 1263 coum,

564 1298 627 1337 mooe
643 1288 735 1337 tomen
752 1284 812 1351 ipse
826 1284 908 1352 perit,
926 1284 966 1340 sio
983 1299 1040 1338 uon
1056 1285 1216 1340 metuatur
1234 1287 1328 1340 inulti.

361 1407 454 1470 quem
469 1389 508 1454 ud
524 1389 628 1454 looum
643 1388 786 1470 proprius
809 1388 933 1453 aooedit
955 1387 1130 1455 similitudo
1153 1390 1191 1454 Il.
1209 1413 1229 1469 μ
1247 1388 1309 1456 146
1324 1409 1401 1474 sqq,
1425 1411 1461 1456 ex
1484 1410 1549 1476 qua

358 1490 460 1557 Danai
480 1491 554 1556 anto
576 1494 681 1574 portas
703 1493 878 1576 pugnantes
901 1491 1021 1557 similes
1044 1509 1109 1558 esso
1133 1492 1279 1559 dicuntur
1302 1493 1384 1578 apris
1408 1495 1544 1578 agresti·

359 1595 433 1672 bus,
467 1593 521 1677 qui
555 1594 710 1676 impetum
732 1595 868 1662 virorum
901 1598 933 1659 ot
959 1613 1071 1662 eanum
1100 1595 1273 1679 excipiunt,
1304 1597 1400 1663 doneo
1430 1599 1547 1683 aliquis

362 1699 526 1766 iaoulaudo
548 1699 592 1764 eis
614 1699 715 1765 vitam
738 1699 867 1782 eripiat:

564 1801 744 1871 ἀγροτέροισι
762 1803 878 1857 σύεσσιν
897 1803 1015 1868 ἐοικότε,
1032 1802 1103 1856 τότ’
1122 1804 1153 1857 ἐν
1172 1803 1286 1872 ὄρεσσιν

565 1886 680 1955 ἀνδρῶν
698 1888 749 1954 ἠδέ
772 1895 867 1946 κυνῶν
887 1890 1004 1957 δέχαται
1023 1890 1201 1958 κολοσυρτόν
1219 1888 1310 1954 ἰόντα,

565 1975 661 2040 δοχμώ
681 1975 706 2028 τ’
725 1975 858 2030 ἀΐσσοντε
877 1978 940 2044 περὶ
959 1974 1056 2041 σφίσιν
1075 1977 1202 2041 ἄγνυτον
1220 1978 1301 2042 ὕλην,

564 2062 697 2129 πρυμνὴν
714 2062 913 2127 ἐκτάμνοντες,
932 2063 1001 2116 ὑπαὶ
1020 2063 1051 2115 δέ
1069 2080 1101 2117 τε
1119 2064 1228 2128 κόμπος
1245 2063 1376 2118 ὀδόντων

563 2145 700 2211 γίγνεται,
719 2145 812 2202 εἰσόκε
831 2147 874 2211 τίς
891 2163 923 2201 τε
943 2147 1039 2214 βαλὼν
1059 2148 1090 2201 ἐκ
1110 2149 1201 2214 θυμόν
1220 2149 1332 2214 ἕληται·

359 2249 447 2318 ouius
470 2251 615 2334 imaginis
639 2255 776 2316 extrema
797 2253 892 2318 verba
906 2249 1036 2318 Ovidius
1060 2253 1194 2318 variavit
1217 2253 1321 2318 verbis
1338 2251 1419 2319 ‘mox
1435 2255 1544 2318 tamen

359 2355 425 2439 ipse
447 2348 550 2438 perit'.

461 2457 568 2524 Tertia
583 2457 714 2538 denique
730 2456 866 2542 imagine
884 2459 1001 2539 exspui
1017 2463 1129 2524 natura
1145 2459 1244 2540 petita
1257 2457 1390 2524 Ovidius
1405 2458 1546 2524 feminae

358 2563 495 2628 furorem
517 2559 633 2644 paelice
658 2561 808 2642 deprensa
831 2559 869 2625 A.
893 2560 932 2625 Α.
957 2559 990 2624 ll
1014 2559 1076 2626 373
1100 2581 1145 2644 sq.
1170 2561 1216 2627 sio
1237 2561 1394 2626 illustrat:

562 2661 611 2716 sed
627 2677 716 2731 neque
728 2663 827 2726 foleus
844 2677 914 2730 oper
931 2661 1021 2716 medio
1038 2667 1094 2716 tom
1111 2679 1210 2718 soeous
1226 2664 1259 2718 ἐκ
1276 2664 1322 2717 ira
1339 2670 1387 2729 est,

611 2748 746 2814 fulradum
764 2748 876 2803 rubidus
893 2765 955 2803 oum
973 2755 1045 2804 rotat
1063 2765 1110 2804 ore
1128 2765 1216 2804 αοαιεα.

461 2856 521 2924 Sed
535 2853 773 2939 progrediemur
789 2855 828 2918 ad
843 2853 1064 2920 similitudines
1077 2874 1095 2919 a
1110 2859 1201 2920 tauro
1214 2856 1341 2938 eiusque
1354 2857 1467 2920 natura
1478 2854 1535 2920 do·

359 2963 509 3044 sumptus,
533 2977 567 3023 ax
590 2956 703 3040 quibus
726 2957 891 3038 inprimis
914 2958 1389 3041 ea‚quaesxtatMet.X1334
1412 2976 1479 3041 sqq.
1505 2977 1543 3024 er

358 3063 489 3129 Homeri
511 3061 580 3126 looo
596 3058 737 3142 orgiuom
752 3077 841 3125 suam
857 3060 970 3127 duoere
985 3060 1118 3127 uidetur.
1144 3061 1333 3128 Daedaelion
1349 3061 1445 3138 euim,
1470 3081 1541 3127 oum

356 3167 455 3233 filiam
478 3183 497 3230 a
520 3165 622 3230 Diana
645 3163 867 3244 interemptam
890 3164 955 3228 iam
971 3182 1111 3230 arsuram
1124 3166 1158 3230 in
1173 3181 1248 3248 rogo
1263 3165 1404 3244 vidisset,
1430 3169 1545 3247 quater

356 3272 483 3337 conatus
511 3270 559 3333 est
587 3285 653 3332 sese
680 3265 843 3331 inmittere
873 3267 906 3332 iu
934 3271 1036 3351 ignes;
1060 3272 1170 3352 quater
1202 3268 1275 3334 inde
1303 3267 1483 3353 prohibitus
1508 3268 1542 3332 in

356 3375 463 3459 lugam
487 3373 581 3438 vertit
604 3372 729 3436 oonoita
750 3372 910 3436 membra:

973 3474 1121 3542 enodisque
1140 3475 1257 3528 iuvenco

560 3555 669 3632 spiculo
687 3563 852 3617 crabronum
865 3576 964 3630 pressa
983 3561 1086 3618 αατοίοε
1102 3561 1214 3630 gerenti,

559 3665 615 3718 qua
632 3649 677 3704 oio
693 3649 782 3715 nullo,
801 3647 868 3702 ruit.

356 3736 504 3802 similiter
525 3738 681 3802 Homerus
704 3735 761 3803 Od.
784 3757 803 3816 χ
825 3735 889 3800 299
911 3753 977 3817 sqq.
1002 3735 1040 3799 do
1063 3733 1166 3815 pronis
1190 3733 1313 3798 locutus
1336 3733 1399 3798 est:

561 3837 588 3891 oi
606 3840 630 3891 δ’
649 3839 790 3905 ἐφέβοντο
809 3837 882 3890 κατὰ
901 3837 1026 3904 μέγαρον
1046 3837 1109 3901 βόες
1128 3835 1167 3898 ὣς
1185 3835 1329 3899 ἀγελαῖαι·

559 3924 612 3987 τὰς
631 3925 682 3989 μέν
700 3925 727 3977 τ’
746 3923 840 3987 αἰόλος
859 3925 973 3992 οἶστρος
992 3923 1164 3991 ἐφορμηθεὶς
1183 3922 1322 3986 ἐδόνησεν

562 4012 622 4079 ὥρη
643 4011 674 4064 ἐν
693 4009 811 4080 εἰαρινῇ,
831 4012 880 4064 ὅτε
898 4009 924 4063 τ’
941 4011 1038 4076 ἤματα
1059 4009 1152 4076 μακρὰ
1170 4009 1313 4062 πέλονται.

353 4101 412 4166 huo
434 4120 470 4165 er
504 4099 639 4183 imagine
660 4098 826 4165 Homerios
850 4097 1032 4181 Apollonius
1066 4096 1143 4162 duas
1167 4093 1356 4180 exeogitavit
1386 4093 1539 4160 similitu·

356 4205 463 4282 dines,
497 4220 630 4285 quarum
664 4201 697 4264 iu
727 4219 789 4267 uua
812 4202 963 4267 Heroules
995 4199 1101 4265 furens
1135 4217 1206 4264 oum
1240 4199 1328 4263 tauro
1363 4196 1441 4262 asilo
1476 4197 1541 4263 ioto

358 4308 528 4387 confertur,
563 4305 596 4370 in
631 4306 731 4370 altera
764 4307 868 4370 autem
905 4306 1003 4370 Amor
1034 4322 1089 4387 per
1121 4302 1276 4386 liquidum
1309 4305 1380 4366 atra
1413 4302 1540 4366 veniens

355 4430 427 4477 oum
462 4427 570 4492 aspero
604 4409 721 4488 oestro,
763 4410 816 4490 qui
857 4407 978 4472 iuniore
1006 4405 1126 4472 invadit
1147 4408 1305 4488 armenta,
1330 4403 1540 4488 oomponitur,

355 4515 392 4579 of.
410 4513 487 4598 Arg.
503 4513 519 4577 I
536 4512 619 4578 1265
642 4529 708 4595 sqq.
733 4512 765 4577 et
789 4510 925 4576 111276
949 4527 995 4592 sq.
1018 4509 1101 4576 idem
1125 4509 1227 4575 autom
1256 4506 1403 4575 Ovidium
1428 4507 1543 4574 lesisse
