3366 5132
886 503 1099 569 ...84-

394 689 651 770 intermittentes,
675 710 746 757 cum
769 692 955 775 praesertim
978 690 1011 756 in
1028 693 1081 770 eis,
1098 710 1176 774 quae
1192 697 1351 775 secuntur,
1369 710 1418 758 vv.
1436 693 1502 758 840
1516 712 1587 777 sqq.

395 797 428 860 et
443 794 508 859 845
523 812 589 877 sqq.
612 813 661 859 res
675 795 751 861 illae
766 796 804 860 de
819 793 955 860 fontium
972 796 1166 878 quorundam
1187 795 1303 880 frigore
1325 797 1357 861 et
1380 796 1482 862 calore
1505 797 1588 862 satis

394 899 565 982 explicatae
588 919 653 966 esse
675 901 866 966 videantur?
889 902 922 966 et
945 900 1131 984 quicumque
1154 902 1256 967 totam
1279 901 1519 984 disputationem
1544 902 1586 964 ad

395 1001 533 1068 fontium
555 1006 700 1070 naturam
724 1021 760 1068 ac
781 1005 847 1069 vim
871 1004 1080 1087 pertinentem
1102 1004 1224 1070 attente
1247 1004 1496 1088 perlustraverit,
1521 1021 1586 1086 quo

397 1106 490 1172 modo
512 1104 623 1172 cinon
646 1107 763 1172 mirum
793 1106 1162 1191 videbiturbucretium,
1191 1125 1263 1173 cum
1290 1110 1327 1173 de
1357 1107 1453 1173 variis
1486 1105 1586 1171 rebus

396 1207 606 1285 admirandis,
648 1212 801 1292 quatenus
835 1209 875 1274 ad
914 1209 1019 1276 fontes
1044 1209 1219 1292 pertinent,
1260 1209 1389 1290 egisset,
1418 1228 1469 1285 ea,
1505 1226 1587 1291 quae

392 1310 494 1378 fontes
526 1311 772 1377 intermittentes
806 1315 861 1376 aut
893 1329 973 1394 aqua
1007 1311 1112 1380 minus
1145 1311 1235 1397 larga
1269 1311 1400 1378 fluentes
1422 1312 1584 1394 spectant,

393 1430 474 1497 quae
490 1433 539 1479 res
555 1433 617 1480 non
633 1414 739 1480 minus
754 1413 853 1481 mirae
869 1434 937 1480 esse
955 1414 1111 1493 videntur,
1135 1432 1196 1480 non
1212 1412 1389 1480 tractasse?
1412 1432 1492 1496 quae
1508 1433 1584 1479 cum

394 1520 441 1585 ita
462 1517 527 1583 sint
548 1517 608 1583 hac
632 1536 752 1601 quoque
776 1518 898 1584 ratione
921 1518 960 1583 ad
983 1519 1113 1584 eandem
1136 1519 1337 1598 sententiam,
1362 1536 1457 1602 quam
1473 1515 1583 1583 Ovidii

390 1622 528 1692 imitatio
552 1621 727 1706 significare
750 1622 886 1702 videtur,
917 1621 1089 1712 necessario
1118 1621 1181 1688 fere
1204 1621 1397 1699 devenimus,
1430 1620 1583 1703 quoniam

391 1725 457 1794 iam
481 1727 697 1793 coniunctione
718 1715 831 1810 ‘porro'
865 1727 1021 1793 indicetur
1043 1729 1166 1810 partem
1190 1727 1328 1810 aliquam
1352 1725 1584 1809 disputationis

392 1830 430 1895 de
452 1828 589 1896 fontium
622 1833 736 1896 natura
768 1830 975 1912 intercidisse,
1011 1832 1120 1896 etota
1152 1835 1260 1898 autem
1292 1829 1507 1914 disputatione
1546 1832 1583 1895 de

389 1932 542 2013 fontibus,
578 1951 658 2017 quae
691 1932 781 2000 nobis
803 1937 929 2000 servata
950 1937 1006 2014 est,
1041 1934 1185 2000 concludi
1215 1938 1319 2018 potest
1342 1933 1523 2000 Lucretium
1549 1934 1583 1998 in

389 2038 481 2118 parte
493 2035 611 2102 emissa
622 2040 660 2104 de
671 2037 810 2104 fontibus
821 2037 864 2114 id,
877 2036 1068 2120 quodOvidii
1079 2037 1216 2103 imitatio
1229 2037 1377 2116 declarat,
1392 2036 1583 2120 exposuisse.

492 2159 561 2223 Hoc
584 2161 690 2224 autem
713 2157 780 2224 loco
803 2162 876 2242 apte
899 2158 1090 2225 tractabitur
1117 2159 1221 2243 imago
1244 2158 1399 2241 quaedam
1422 2156 1583 2224 Ovidiana

361 2313 362 2318 .
390 2259 430 2327 ab
454 2260 499 2326 eis
522 2261 623 2326 terrae
644 2260 787 2344 pertibus
810 2263 1002 2346 deprompta,
1026 2262 1059 2327 in
1082 2262 1196 2346 quibus
1219 2263 1318 2329 solida
1334 2265 1366 2328 et
1381 2261 1480 2326 fluida
1494 2259 1582 2326 inter

389 2383 422 2430 se
445 2365 695 2430 committuntur.
730 2364 848 2430 etenim
878 2365 1177 2450 n.n.1619sq.
1213 2366 1343 2433 Ovidius
1376 2365 1482 2447 tironi,
1520 2366 1576 2447 qui

388 2467 529 2551 puellam
553 2467 614 2532 sibi
638 2468 802 2534 conciliare
825 2469 938 2548 studet,
963 2470 1021 2534 hoc
1043 2470 1209 2535 consilium
1232 2472 1303 2536 det:

595 2604 739 2660 blandities
756 2605 880 2660 animum
897 2605 998 2672 furtim
1016 2603 1185 2674 deprendere
1203 2620 1278 2660 necne
1295 2605 1338 2671 sit,

646 2697 678 2746 ot
692 2692 821 2761 penderes
838 2693 946 2761 liquida
963 2692 1030 2761 ripa
1046 2693 1157 2746 subitur
1176 2708 1259 2760 aqua.

390 2830 450 2895 que
465 2813 498 2877 in
514 2812 719 2879 similitudine
736 2813 958 2880 conscribenda
973 2816 1097 2898 poetam
1113 2831 1285 2879 memorem
1298 2832 1363 2879 sese
1379 2811 1581 2897 praestitisse
1675 2859 1676 2921 p

388 2914 532 2982 existimo
555 2917 615 2982 loci
637 2916 818 2982 Lucretieni
842 2917 870 2980 V
893 2916 954 2982 251
972 2935 1049 3000 sqq,
1073 2916 1128 2983 ubi
1151 2917 1205 2982 ille
1221 2920 1323 2982 terrae
1338 2917 1507 2982 interitum
1523 2916 1576 2981 his

388 3021 585 3105 argumentis
609 3020 811 3105 comprobare
834 3022 956 3086 studet:

589 3157 733 3226 principio
748 3172 819 3224 pars
837 3158 924 3212 terrai
940 3173 997 3213 oco
1012 3158 1101 3225 natta,
1115 3162 1236 3226 perusto

593 3243 693 3298 soiitos
710 3241 843 3307 adsiduis,
863 3244 952 3298 enolto
965 3245 1080 3314 pulsato
1096 3243 1197 3312 pedum
1216 3244 1253 3309 oi,

592 3329 715 3397 potuero
733 3331 844 3384 exhalat
861 3331 988 3385 oetatem
1006 3331 1144 3398 nubesque
1161 3329 1289 3396 uolantis,

593 3432 662 3487 quos
679 3415 768 3471 calidi
783 3421 839 3472 toto
857 3416 1021 3488 aspergunt
1039 3421 1102 3472 cece
1120 3419 1204 3473 nenti.

588 3519 659 3572 pars
676 3503 758 3558 etiam
772 3503 914 3574 glebarum
930 3503 969 3558 od
987 3504 1117 3559 dilectem
1135 3509 1285 3559 reuocetur

593 3590 733 3655 imbribus,
752 3595 779 3644 et
796 3591 874 3660 ripas
892 3589 1025 3645 radentia
1040 3591 1158 3659 {lamina
1176 3590 1290 3646 rodant.

387 3712 475 3777 cuius
498 3711 777 3795 argumentationis
801 3714 876 3796 quin
891 3712 1047 3778 sententia
1063 3713 1204 3782 extrema
1218 3708 1323 3777 Ovidii
1339 3710 1442 3777 animo
1460 3710 1578 3776 obver-

387 3818 457 3882 sata
479 3815 531 3893 sit,
555 3833 612 3880 nec
634 3834 683 3880 res
706 3815 777 3898 ipsa
799 3815 943 3882 dubitare
959 3815 1037 3881 sinit
1059 3818 1091 3880 et
1106 3816 1149 3898 id,
1175 3815 1256 3897 quod
1272 3814 1323 3878 hic
1339 3814 1423 3878 locus
1440 3813 1474 3877 in
1491 3813 1577 3879 libro
1672 3839 1673 3884 i

387 3917 497 4001 quinto
519 3919 645 4002 iegitur,
675 3938 768 4001 quem
792 3918 939 3985 Ovidium
962 3921 1029 3984 tota
1050 3921 1155 3983 mente
1184 3916 1348 3983 imbibisse
1369 3917 1434 3982 iam
1459 3917 1576 3982 multis

386 4021 535 4104 exemplis
546 4022 651 4088 allatis
664 4022 946 4106 comprobavimus,
963 4023 1144 4090 confirmare
1157 4023 1291 4088 videtur.
1316 4040 1426 4089 verum
1441 4023 1574 4103 praeter

386 4125 566 4192 Lucretium
583 4123 714 4192 Ovidius
737 4127 771 4191 in
787 4126 845 4193 hac
859 4127 998 4212 imagine
1022 4126 1246 4192 conscribenda
1263 4125 1357 4191 etiem
1373 4125 1575 4208 Propertium

345 4298 348 4304 ,
385 4233 541 4312 spectasse
557 4228 717 4313 putandus
732 4233 791 4311 est,
814 4233 868 4315 qui
883 4232 1015 4296 fortasse
1030 4230 1140 4295 eodem
1163 4229 1248 4294 fonte
1264 4247 1339 4293 usus
1356 4227 1399 4292 IV
1417 4226 1448 4304 5,
1470 4227 1510 4293 19
1525 4247 1573 4310 sq.

384 4337 423 4400 de
445 4332 526 4418 lena,
550 4351 629 4416 quae
652 4333 791 4416 puellam
815 4340 899 4400 artes
922 4335 1091 4401 amatorias
1115 4334 1215 4411 docet,
1238 4333 1316 4398 haec
1339 4331 1432 4398 dicit:

592 4471 726 4526 exorabat
743 4487 820 4540 opas,
840 4472 938 4528 permis
956 4487 1007 4526 ceu
1024 4471 1183 4540 blandoque
1201 4484 1272 4524 raro

641 4571 821 4626 saxosamque
837 4559 916 4625 forat
932 4557 1030 4613 sedulo
1045 4563 1125 4628 gotta
1142 4558 1222 4612 mom.
