3370 5134
816 520 1048 586 -128-

541 722 592 760 sese
609 722 669 760 sam
686 705 756 760 adso
773 705 916 772 informis:
934 723 1026 774 caper
1042 723 1084 760 ms
1100 707 1133 760 a'ss
1150 707 1232 761 litore
1249 705 1316 772 etos,

542 808 603 846 cum
616 792 763 862 placidam
780 793 868 846 ccctis
885 799 973 847 staret
990 809 1080 854 mam
1098 809 1157 848 oon
1176 810 1223 864 syo
1241 793 1387 861 Daphoa'm

539 878 630 932 ludios
647 883 673 933 te
689 884 819 947 morsum,
837 880 863 932 si
880 895 1031 948 numquam
1047 879 1123 946 fallit
1140 882 1237 950 a'mayo.

334 983 422 1049 cuius
444 983 665 1067 descriptionis
699 984 839 1067 singulas
872 987 976 1065 partes
1000 985 1164 1050 Maronem
1186 1005 1202 1050 e
1226 985 1303 1051 locis
1331 984 1521 1069 quibusdam

334 1085 531 1152 Theocriteis
553 1088 781 1171 deprompsisse
804 1085 1034 1151 demonstravit
1055 1086 1237 1153 (iebanerns
1259 1109 1290 1172 p.
1318 1089 1378 1154 155
1400 1106 1446 1170 sq.

434 1188 473 1255 In
495 1189 549 1269 eis,
573 1208 653 1273 quae
674 1190 747 1256 inde
768 1208 788 1255 a
810 1209 838 1255 ν.
863 1188 1034 1254 uuo-777
1050 1192 1189 1274 proxime
1204 1193 1361 1269 secuntur,
1385 1190 1519 1256 Ovidius

331 1293 414 1358 vatis
437 1292 524 1358 illius
548 1293 667 1359 Telemi
692 1293 871 1378 Eurymidis
895 1293 1089 1359 mentionem
1118 1294 1212 1378 iacit,
1246 1295 1301 1377 qui
1322 1293 1517 1378 Polyphemo

329 1394 518 1464 vaticinatus
541 1402 617 1476 orat,
640 1397 765 1463 Ulixem
787 1399 816 1462 ei
838 1417 938 1463 unum
960 1398 1063 1464 media
1091 1397 1125 1464 in
1148 1397 1252 1464 fronte
1276 1401 1402 1465 oculum
1426 1417 1516 1481 erep-

330 1501 438 1566 turum
461 1519 539 1567 esse.
565 1502 680 1584 quain
703 1500 910 1583 descriptione
934 1499 1065 1567 Ouidius
1088 1520 1151 1567 nou
1172 1503 1241 1567 tam
1262 1502 1429 1578 Theocriti,
1460 1503 1514 1587 qui

329 1599 417 1686 idyll.
441 1601 486 1667 VI
509 1624 537 1668 v.
561 1605 604 1670 23
620 1603 701 1670 hanc
715 1604 836 1669 Telemi
857 1605 1115 1670 vaticinationem
1138 1604 1171 1668 in
1192 1607 1374 1671 transcursu
1388 1607 1514 1671 tantum

328 1705 451 1790 tetigit,
485 1725 656 1772 memorem
696 1725 764 1773 sese
797 1710 954 1791 praestat,
996 1727 1090 1790 quam
1129 1709 1257 1774 Homeri
1297 1708 1513 1791 descriptionis

328 1808 607 1894 0d.1507sqq.,
641 1812 674 1877 id
707 1812 790 1894 quod
818 1813 981 1893 utriusque
1014 1815 1125 1895 poetae
1158 1810 1236 1876 locis
1265 1811 1367 1877 obiter
1388 1813 1512 1878 tantum

328 1913 479 1997 inspectis
505 1914 710 1998 intellegitur.

432 2016 549 2098 Quodsi
574 2015 657 2082 Naso
679 2018 753 2084 inde
776 2037 796 2082 a
815 2036 846 2085 v.
871 2017 933 2084 778
956 2036 1023 2101 sqq.
1048 2016 1214 2102 Cyclopem
1235 2019 1376 2084 montem
1404 2037 1511 2085 escen-

327 2121 453 2188 dentem
486 2123 579 2204 atque
612 2121 659 2186 ibi
693 2125 822 2186 cantum
855 2139 948 2188 suum
980 2122 1187 2206 incipientem
1209 2122 1319 2205 fingit,
1341 2123 1513 2189 manifesto

327 2225 487 2291 Theocriti
503 2225 681 2308 exemplum
696 2229 821 2291 secutus
836 2228 893 2303 est,
909 2227 963 2309 qni
978 2224 1068 2308 idyll.
1083 2226 1130 2291 XI
1146 2244 1177 2292 ν.
1198 2226 1236 2290 17
1252 2243 1299 2308 sq.
1311 2226 1388 2293 haec
1399 2225 1513 2292 habet:

533 2345 605 2399 ἀλλὰ
622 2345 658 2399 τὸ
676 2344 831 2413 φάρμακον
850 2345 925 2414 εὗρε,
943 2345 1132 2411 καθεζόμενος
1150 2343 1175 2398 δ’
1193 2344 1239 2399 ἐπὶ
1259 2345 1367 2413 πέτρας

532 2433 648 2500 ὑψηλᾶς
665 2433 694 2496 ἐς
710 2432 820 2486 πόντον
838 2433 916 2500 ὁρῶν
934 2431 1011 2488 ἄειδε
1029 2435 1160 2486 τοιαῦτα.

325 2539 416 2605 porro
438 2540 469 2586 v.
494 2520 575 2586 784:

531 2626 694 2689 sumptoque
711 2619 919 2676 harundinibus
937 2625 1073 2689 σονψασια
1090 2623 1129 2673 est
1146 2618 1241 2686 fistula
1259 2625 1368 2675 centum

325 2726 455 2793 Ovidius
470 2727 669 2810 aliquatenus
684 2727 834 2811 pressisse
851 2727 928 2791 mihi
944 2727 1072 2791 videtur
1083 2724 1218 2808 Vergilii
1234 2725 1378 2809 vestigia,
1395 2729 1512 2812 qnippe

324 2831 378 2916 qui
389 2832 428 2896 de
439 2829 546 2895 eadem
558 2849 590 2894 re
602 2829 821 2914 compingendi
830 2827 870 2913 ³¹)
887 2829 1019 2896 verbum
1031 2827 1209 2896 adhibuerit
1220 2828 1276 2892 ecl.
1293 2826 1325 2891 Il
1341 2845 1371 2895 ν.
1387 2831 1430 2895 36
1443 2848 1510 2913 sq.:

530 2955 568 3004 cst
584 2950 653 3004 milri
671 2947 830 3018 disparebas
847 2953 949 3017 septem
968 2952 1110 3016 compacta
1127 2947 1225 3002 doctis

529 3036 629 3102 fistula.

323 3145 405 3226 quod
428 3145 535 3205 autem
557 3140 612 3205 ille
629 3140 769 3205 fistulam
791 3143 919 3206 centum
941 3140 1169 3206 harundinibus
1192 3139 1387 3223 compactam
1409 3140 1510 3208 fuism

322 3249 355 3312 et
371 3262 477 3311 omnes
492 3245 614 3309 montes
630 3247 662 3309 et
684 3243 798 3309 fluctus
813 3243 1013 3326 personuisse
1028 3246 1145 3321 narrat,
1167 3242 1247 3307 haec
1268 3243 1373 3309 omnia
1396 3247 1509 3328 utpote

321 3350 354 3416 in
377 3347 520 3432 Cyclopis
542 3366 710 3430 personam
733 3347 849 3431 optime
872 3347 1092 3413 convenientia
1119 3348 1186 3430 ipss
1215 3345 1319 3429 lepide
1346 3349 1508 3415 invenisse

321 3454 476 3537 putandus
499 3453 557 3516 est.
580 3451 635 3515 sed
657 3450 844 3534 Polyphemi
866 3449 1024 3516 cantilena
1046 3452 1083 3515 nt
1099 3452 1138 3515 ad
1152 3449 1311 3514 Theocriti
1326 3452 1506 3534 exemplum

322 3557 494 3640 composita
516 3556 574 3634 est,
597 3555 645 3619 ita
667 3555 777 3620 multis
799 3555 876 3620 locis
899 3573 1059 3619 summum
1082 3553 1223 3618 studium
1239 3553 1343 3636 prodit
1357 3555 1504 3620 variandi

320 3661 413 3744 atque
435 3657 622 3725 aemulandi.
658 3676 720 3741 qua
746 3658 784 3722 de
806 3677 839 3722 re
862 3675 934 3722 cum
957 3658 1021 3723 iam
1044 3676 1140 3741 supra
1162 3656 1336 3739 expositum
1358 3657 1411 3739 sit,
1444 3657 1506 3724 hoc

319 3764 386 3829 loco
408 3763 440 3829 id
462 3780 562 3826 unum
586 3761 699 3826 addam
720 3760 878 3826 Nasonem
900 3778 955 3842 pro
979 3760 1033 3842 eis,
1058 3779 1135 3843 quae
1157 3760 1192 3825 in
1214 3759 1400 3845 Polyphemi
1427 3780 1505 3828 can·

318 3866 420 3932 tilena
441 3883 471 3934 v.
494 3865 538 3930 24
558 3865 642 3946 apud
664 3865 866 3930 Theocritum
888 3865 1052 3947 leguntur:
1164 3869 1166 3874 '

524 3985 641 4051 φεύγεις
659 3985 683 4036 δ’
703 3986 800 4052 ὥσπερ
819 3984 862 4049 ὄϊς
879 3985 981 4039 πολιὸν
997 3985 1086 4039 λύκον
1105 3983 1267 4053 ἀθρήσασα,

319 4087 431 4171 quibus
464 4089 568 4154 verbis
602 4088 752 4157 Galateae
785 4087 940 4155 timiditas
974 4090 1170 4168 illustratur,
1205 4089 1260 4154 has
1293 4087 1496 4155 substituisse

318 4191 556 4257 similitudines:

522 4296 708 4348 moestam
725 4308 805 4348 cervo
822 4294 907 4348 claris
924 4293 1073 4348 latratibus
1090 4300 1158 4361 octo,
1196 4350 1203 4362 ,

520 4395 616 4434 aarum
634 4379 717 4432 stiam
734 4380 823 4434 ocutis
838 4380 997 4449 aolacrs'qoc
1014 4379 1144 4451 fayocior
1160 4381 1249 4436 cura!

422 4551 455 4620 ³¹)
475 4554 617 4619 συμπήξαι
634 4555 662 4605 et
679 4554 764 4619 πῆξαι
782 4552 893 4608 Theocr.
910 4552 986 4622 idyll.
1005 4553 1072 4609 vm
1091 4559 1133 4619 ab,
1151 4553 1252 4614 1V28.

1678 4149 1679 4239 l
