3370 5134
617 547 848 612 -131-

137 752 198 818 quo
221 734 288 801 loco
311 739 347 800 ut
369 735 594 820 amplificandi,
617 738 664 803 ita
686 737 829 803 variandi
853 740 884 802 et
914 739 1150 804 contaminandi
1179 737 1322 805 studium

137 839 170 903 iu
197 837 309 905 Ovidio
332 840 530 922 conspicitur.
555 858 629 905 uam
653 861 682 906 ν.
699 841 763 907 829
780 839 869 905 uobis
885 840 919 906 iu
934 841 1121 910 memoriam
1136 847 1325 909 revocantur

140 942 236 1027 Verg.
259 944 316 1009 ecl.
339 943 373 1008 II
397 962 426 1009 v.
450 945 492 1009 22
525 943 584 1008 Ἱιιο
606 945 683 1009 mihi
718 962 778 1010 uon
802 945 921 1010 aestate
956 962 1079 1027 novom,
1115 965 1176 1012 nou
1208 946 1330 1031 frigore·

138 1045 225 1112 defit'
237 1049 268 1112 ot
280 1066 308 1112 v.
317 1047 360 1113 20
367 1047 459 1112 ‘nivei
472 1065 566 1130 quam
577 1048 669 1113 lactis
677 1045 718 1131 ⁸²)
729 1047 910 1113 abuudaus’.
924 1050 1074 1132 proximis
1087 1051 1193 1117 autem
1206 1050 1325 1117 verbis:

612 1209 614 1212 .
651 1183 722 1236 pare
739 1167 806 1222 dade
824 1167 942 1222 adelada

343 1259 481 1318 aeroatrar,
496 1261 607 1322 partem
625 1255 777 1322 liquefacta
794 1255 913 1325 coapata
930 1255 1038 1311 darant

138 1363 169 1426 in
193 1358 321 1424 brevius
344 1359 534 1424 contraxisse
558 1358 642 1423 videt
629 1363 682 1424 tur
704 1379 750 1438 ea,
775 1378 852 1443 quae
875 1362 957 1442 apud
981 1363 1152 1465 Homerum
1174 1362 1325 1446 leguntur

136 1462 232 1528 our
254 1461 317 1528 246
339 1481 420 1544 sqq:

346 1581 449 1636 αὐτίκα
468 1583 492 1635 δ’
511 1584 651 1650 ῆμισυμὲ
652 1583 796 1652 νθρὲψας
814 1587 927 1638 λευκοῖο
945 1585 1088 1651 γάλακτος

345 1671 478 1732 πλεκτοῖς
497 1669 529 1723 ἑν
547 1639 714 1737 ταλάροισιν
734 1669 918 1736 ἀμησάμενος
935 1671 1102 1737 κατέθηκεν,

345 1758 433 1822 ἥμισυ
455 1757 479 1808 δ’
498 1755 562 1808 αὖτ’
580 1756 703 1822 ἔστησεν
722 1755 753 1809 ἐν
775 1755 900 1823 ἄγγεσιν,
919 1757 998 1826 ὄφρα
1016 1756 1043 1812 οἱ
1063 1758 1107 1822 εἴη

344 1840 436 1896 πίνειν
456 1839 600 1909 αἰνυμένῳ
620 1843 666 1894 καὶ
685 1841 712 1895 οἱ
730 1843 916 1911 ποτιδόρπιον
935 1844 990 1911 εἴη.

136 1949 278 2032 itemque
301 1947 511 2011 omittendum
534 1965 594 2011 non
619 1947 667 2010 est
689 1947 731 2022 id,
757 1950 837 2030 quod
860 1949 936 2013 scite
953 1950 1128 2016 observavit
1145 1948 1326 2018 Gebauerus

137 2073 168 2136 p.
192 2051 256 2117 229
279 2049 409 2142 verbum
427 2045 625 2114 ‘distendere’
647 2050 681 2113 in
706 2069 734 2117 v.
759 2051 839 2116 8262

345 2175 377 2222 at
395 2169 442 2222 ota
460 2169 629 2222 armmeaat
647 2167 842 2224 distentam
862 2171 991 2226 craribae
1008 2173 1094 2227 aber

135 2276 288 2341 sollemne
306 2293 373 2340 esse
389 2277 470 2356 apud
486 2276 557 2357 poet
558 2293 591 2340 as
544 2274 670 2338 ttla
647 2278 730 2340 truos
753 2275 849 2340 velu
827 2280 851 2340 1
875 2279 956 2358 apud
972 2277 1159 2361 Vergilium,
1183 2278 1272 2348 auius
1295 2282 1329 2347 iu

135 2380 193 2446 ecl.
218 2379 318 2444 IVv.
340 2379 380 2444 21
405 2397 451 2460 sq.
475 2378 532 2443 hoc
555 2379 633 2461 legi
634 2399 686 2443 ur

344 2499 423 2638 ipgae
442 2499 510 2552 lacte
529 2499 637 2552 ἅμιπποι
655 2498 777 2565 referent
766 2499 954 2554 idioteata
973 2502 1095 2570 capellae

345 2603 365 2640 a
393 2601 458 2639 era.

137 2694 305 2776 praeterea
339 2692 456 2756 videsis
492 2692 630 2756 eiusdem
654 2693 711 2758 ecl.
735 2691 782 2756 IX
804 2710 833 2756 v.
858 2693 897 2757 31
935 2696 966 2758 et
989 2696 1103 2778 Georg.
1128 2694 1177 2760 111
1200 2716 1228 2763 v.
1253 2697 1326 2782 396,

135 2797 252 2881 quibus
275 2794 353 2860 locis
376 2796 453 2861 adde
476 2796 569 2860 Lucr.
593 2794 609 2858 I
633 2795 695 2860 259
712 2795 745 2860 et
760 2795 836 2860 Hor.
860 2795 923 2862 Sat.
940 2797 957 2861 Ι
973 2795 1001 2876 1,
1021 2797 1208 2884 11031'dpod.
1225 2799 1328 2893 1146.

242 2898 313 2963 Iam
336 2917 409 2964 varo
432 2899 463 2962 iu
490 2901 542 2980 eis,
573 2917 653 2981 quae
676 2899 834 2974 secuntur,
858 2901 930 2965 inde
954 2919 972 2965 a
995 2900 1326 2990 v.831-837P01y-
1388 2939 1390 2945 .

136 3004 272 3087 phemus
288 3001 451 3068 Galateam
474 3003 522 3067 his
547 3003 679 3082 deliciis,
703 3023 780 3086 quas
797 3003 825 3068 ei
847 3005 1025 3089 pollicetur,
1051 3006 1177 3074 allicere
1201 3009 1326 3075 studet:

346 3140 397 3178 aec
413 3123 466 3177 tibi
484 3123 597 3178 deliciae
614 3124 711 3191 factes
729 3126 892 3194 palpatoque
910 3132 1019 3180 tautam

345 3225 465 3263 manera
483 3211 651 3280 coatdapeat,
670 3211 795 3265 damma
813 3212 969 3282 leporesque
988 3227 1123 3283 caperque

346 3311 433 3364 parve
451 3296 640 3350 columbarum
658 3297 813 3366 demptusve
831 3300 972 3353 caeama'ae
989 3299 1089 3354 aidau:

346 3382 442 3436 taceat
458 3381 585 3451 pamr'aaoe,
606 3383 655 3450 pai
671 3388 760 3437 tecam
777 3384 871 3438 ludere
889 3385 1002 3452 possint,

274 3469 329 3522 835
346 3469 420 3522 later
437 3482 465 3521 ee
482 3468 591 3534 simules,
610 3469 657 3522 arto
674 3474 708 3523 at
726 3469 881 3540 dipaoacere
894 3469 993 3538 possis,

345 3555 456 3608 callosae
473 3556 580 3610 catalos
598 3557 629 3610 a'oe
646 3557 758 3610 eocmma'e
775 3557 913 3610 montibus
930 3571 1020 3624 μνοοο,

345 3641 442 3696 iaceat
460 3647 486 3695 et
505 3641 566 3696 aaut
583 3643 718 3697 ‘dominae
735 3643 900 3697 seruabimas
917 3643 1001 3697 ἐνίοτ’.

138 3747 219 3834 haec
241 3744 310 3811 tota
331 3744 502 3830 descriptio
525 3746 672 3813 Ovidium
708 3747 813 3830 potius
843 3737 1067 3814 aemulatorem
1101 3768 1195 3833 quam
1218 3749 1327 3818 imita-

138 3851 242 3916 torem
265 3848 423 3917 Theocriti
445 3851 561 3934 prodit,
584 3852 672 3917 cuius
696 3851 731 3917 iu
752 3853 840 3936 idyll.
864 3851 910 3917 XI
934 3871 964 3918 v.
987 3853 1032 3919 40
1054 3874 1099 3937 sq.
1115 3854 1325 3940 Polyphemus

140 3952 289 4019 Galateae
311 3952 389 4018 haec
411 3953 588 4039 promittit:

525 4114 531 4128 .
606 4076 711 4144 τράφω
731 4078 763 4131 δέ
780 4093 825 4131 τοι
843 4077 946 4133 ἕνδεκα
963 4080 1082 4147 νεβρώς,

346 4161 440 4226 πάσας
459 4161 642 4231 μηνοφόροις,
661 4165 708 4217 καὶ
727 4164 859 4230 σκύμνως
876 4165 1019 4234 τέσσαρας
1039 4164 1174 4234 ἄρκτων.“

140 4267 236 4349 atque
258 4265 421 4350 utriusque
442 4268 552 4351 poetae
574 4266 659 4334 locos
682 4267 765 4334 inter
788 4288 821 4334 se
844 4269 1017 4337 conferenti
1040 4271 1178 4354 primum
1202 4269 1327 4354 quidem

141 4367 242 4452 liquet
263 4367 426 4436 Nasonem
447 4390 504 4455 pro
528 4371 648 4455 capreis
672 4371 814 4438 dammas
836 4372 1050 4441 substituisse.
1077 4374 1188 4442 deiude
1210 4393 1329 4441 novum

141 4505 346 4518 ..—...—.-

244 4575 277 4645 ⁸²)
296 4574 336 4631 cf.
357 4575 430 4634 Fast.
450 4575 491 4631 IV
512 4580 569 4642 161,
590 4579 648 4631 780.

1156 4608 1227 4718 ‚v
