3370 5134
619 531 851 599 -163-

141 732 174 791 et
208 727 386 808 imaginem,
422 741 514 805 quam
549 723 582 786 in
607 723 739 786 Heronis
776 721 816 786 ad
839 722 1014 788 Leandrnm
1051 722 1187 806 epistula
1220 715 1329 786 XVIII

142 847 173 892 v.
197 827 241 894 95
262 846 307 911 sq.
331 827 482 912 legimus:

349 961 406 1000 ooo
425 960 473 1016 opo
489 950 547 999 iam
563 949 658 998 ocutos
675 945 755 998 timeo
772 959 832 998 meo
850 949 913 998 uoto
930 949 1077 1014 morantes,

400 1045 482 1101 quom
500 1027 598 1084 mordis
615 1035 696 1084 orato
714 1045 750 1084 ne
768 1036 838 1085 tuus
853 1035 924 1085 must
942 1043 1028 1085 umor.

142 1171 216 1220 nam
241 1151 317 1219 lieet
339 1151 495 1234 Propertii
518 1151 595 1215 louis
626 1169 720 1233 supra
754 1149 920 1234 propositIs
944 1151 1114 1236 imagines,
1150 1153 1265 1218 sirum
1289 1155 1328 1220 ad

141 1261 251 1324 vivum
275 1274 459 1332 resecamus,
484 1275 546 1320 uon
569 1274 585 1319 e
601 1256 705 1319 uentIs
721 1255 838 1337 petitae
853 1255 927 1331 sint,
944 1257 998 1321 sed
1012 1274 1029 1320 e
1045 1254 1128 1321 foliis
1145 1255 1177 1320 et
1193 1257 1330 1322 nubibus

142 1367 216 1426 noto
239 1361 351 1442 motis,
375 1362 481 1424 tamen
517 1359 574 1424 bas
597 1359 822 1425 similitudines
845 1359 1019 1426 Ouidianas
1053 1365 1162 1428 eodem
1185 1380 1221 1425 ex
1243 1362 1330 1427 fonte

142 1483 292 1529 manasse
315 1463 407 1527 facile
431 1462 491 1526 tibi
513 1463 715 1547 persuadeas,
750 1483 821 1528 cum
845 1462 1012 1546 utrubique
1035 1463 1145 1530 leuitas
1168 1469 1199 1530 ct
1221 1467 1328 1530 Incon-

139 1570 262 1633 stantia
283 1565 473 1632 illustretur.
496 1570 634 1631 ceterum
658 1566 803 1631 hocloco
827 1585 863 1632 eu
886 1585 1007 1650 quoque
1036 1568 1221 1633 conferenda
1243 1573 1330 1646 sunt,

140 1689 221 1753 quae
244 1669 483 1752 diligentissimo
506 1669 682 1751 disputavit
704 1669 849 1753 Zingerle
878 1671 916 1734 de
939 1670 1155 1736 translationis
1184 1671 1243 1736 u'su
1266 1675 1329 1737 iem

138 1792 239 1855 supra
263 1793 281 1838 a
304 1791 354 1836 me
384 1771 530 1837 indicato.
560 1791 633 1837 nam
664 1789 736 1836 oum
758 1791 794 1837 ex
818 1772 909 1837 buius
940 1773 1150 1855 disputatione
1179 1775 1331 1858 adpareat

142 1877 294 1942 Ovidium
316 1877 508 1959 reliquorum
524 1879 687 1958 poetarum
710 1877 847 1960 vestigia
870 1883 1014 1942 secutum
1030 1879 1239 1960 metaphorice
1255 1899 1332 1944 ven·

142 1983 214 2046 tum
237 1984 269 2045 et
292 1980 409 2045 undam
432 1979 527 2045 verba
550 1980 738 2063 ebrIpientcs
762 1981 929 2059 induxisse,
964 1999 1020 2064 per
1041 1997 1074 2046 se
1097 1984 1183 2064 patet
1205 1985 1330 2065 poetam

142 2083 274 2148 illarum
298 2103 435 2166 quoque,
459 2102 536 2174 quas
560 2102 654 2167 supra
676 2083 846 2166 adscripsi,
870 2083 1029 2167 Propertii
1062 2087 1236 2169 imaginum
1271 2089 1331 2153 ali·

144 2193 302 2270 quatenus
324 2190 519 2253 recordatum
537 2189 687 2254 facillimo
702 2209 776 2254 sane
792 2191 916 2274 negotio
933 2209 985 2255 eas
1002 2191 1176 2274 excogitare
1192 2192 1330 2274 potuisse

144 2291 379 2366 similitudines¹
398 2310 476 2372 quae
494 2292 534 2357 ad
550 2297 713 2356 ventorum
736 2293 946 2359 mobilitatum
970 2297 1065 2376 atquc
1086 2295 1329 2360 inconstantiam

144 2393 315 2476 pertinent.
339 2413 441 2476 neque
464 2393 558 2460 nimis
582 2395 682 2459 audax
705 2415 770 2460 esse
793 2395 933 2479 videbor,
962 2397 989 2460 si
1012 2416 1081 2462 eam
1105 2415 1225 2480 quoquc
1248 2398 1329 2464 ima·

142 2500 248 2580 ginem
271 2496 350 2561 Met.
374 2497 422 2561 Ill
446 2496 508 2562 729
532 2516 606 2579 sqq„
635 2499 668 2560 iu
699 2517 760 2579 qua
782 2497 906 2562 frondes
936 2501 1029 2564 vento
1061 2499 1210 2582 abreptae
1238 2501 1331 2565 iudu-

142 2586 276 2681 euntur‚
307 2601 346 2665 ad
377 2600 507 2665 eundem
538 2601 658 2666 fontem
687 2600 788 2665 redire
820 2602 1022 2679 contendero,
1052 2621 1242 2685 quamquam
1271 2603 1331 2668 boc

143 2692 209 2769 loco
234 2724 269 2768 ea
292 2704 455 2768 translatio
479 2704 518 2768 ad
542 2704 626 2769 aliud
651 2704 724 2786 quid
747 2705 975 2788 designandum
998 2709 1184 2788 usurpatur,
1209 2707 1331 2772 scilicet

144 2809 184 2872 ad
201 2807 393 2872 celeributem
410 2807 617 2885 indicandam,
641 2825 704 2889 qua
720 2811 860 2874 membra
875 2808 1008 2873 Penthei
1025 2810 1168 2874 manibus
1185 2811 1329 2875 nefandis

147 2913 315 2975 mulierum
339 2909 541 2992 diripiuntur.

248 3032 386 3096 llandem
411 3036 517 3096 autom
540 3031 711 3115 imaginem
746 3034 783 3098 de
807 3052 881 3099 eura
914 3034 1033 3099 incerta
1067 3033 1162 3101 simul
1191 3054 1261 3099 cum
1286 3055 1330 3114 ea,

142 3153 227 3216 quae
250 3134 361 3199 lolium
387 3137 477 3199 vento
500 3138 623 3208 motum
645 3139 778 3217 spectat,
803 3138 1001 3202 coniunctam
1025 3131 1122 3203 babes
1136 3158 1172 3202 ex
1186 3139 1221 3202 P.
1237 3138 1282 3203 IV
1299 3140 1329 3222 3,

146 3238 187 3302 33
211 3256 268 3319 sq.¹
293 3257 352 3320 quo
376 3240 442 3303 loco
465 3248 558 3323 poete
581 3241 650 3304 exul
675 3240 774 3305 amico
797 3238 941 3305 instabili
963 3240 1038 3306 baec
1062 3240 1191 3308 scribit:

351 3358 468 3426 quolibet
486 3365 525 3414 est
542 3359 610 3425 folio
629 3341 655 3413 ot
672 3361 768 3428 quouis
783 3361 916 3441 docentor
933 3376 1019 3416 aura:

398 3458 455 3511 par
473 3444 516 3498 tila·
533 3445 637 3513 leuitas,
656 3445 786 3513 improbe,
804 3445 864 3498 solo
882 3451 935 3499 tua·
950 3441 998 3500 esi.

142 3568 254 3630 deinde
276 3567 344 3631 sola
365 3568 469 3649 imago
494 3586 511 3632 e
533 3567 622 3634 foliis
641 3567 741 3650 petita
762 3568 922 3632 invenitur
944 3569 1030 3633 Fast.
1053 3569 1102 3634 III
1116 3568 1178 3634 481
1197 3587 1253 3652 sq„
1276 3568 1332 3643 nbi

144 3670 283 3734 Ariadne
307 3671 429 3736 deserta
453 3671 532 3735 baec
554 3674 709 3752 queritur:

352 3807 460 3860 Bocche
478 3806 552 3871 teoto,
571 3807 709 3875 lectorque
727 3808 792 3874 tuis,
812 3821 882 3874 quoae
900 3813 1023 3875 temporo
1042 3809 1162 3878 clepunt,

350 3893 500 3958 frondibus
574 3925 586 3947 .-
660 3931 667 3946 .
747 3931 753 3943 .

142 4015 208 4080 qno
231 4016 301 4062 cum
324 3999 390 4062 loco
413 4003 486 4080 apte
510 4001 649 4063 conferas
673 3999 816 4080 Propert.
839 4001 871 4064 Il
896 3997 945 4075 15,
969 3999 1009 4063 51
1033 4015 1116 4081 sqq.:

354 4129 387 4170 ao
404 4117 491 4170 uoluit
507 4116 578 4183 solio
596 4117 700 4170 urentis
718 4117 822 4186 ltquere
840 4119 963 4184 corollas,

403 4220 474 4272 puae
489 4205 593 4272 passim
611 4204 728 4258 oulatba's
746 4210 834 4258 druto
851 4210 949 4258 nutare
967 4205 1048 4268 uides,

352 4290 391 4343 sa'c
408 4290 493 4352 uobis,
512 4290 562 4359 qui
579 4306 655 4345 nuno
671 4307 801 4360 maguum
817 4291 956 4358 epidromos
973 4295 1106 4356 amantea,

401 4373 520 4440 forsitan
538 4375 661 4430 iucludet
679 4377 801 4430 crastiua
818 4375 883 4442 soto
900 4375 965 4442 dies,

69 4462 365 4561 lanam:

403 4571 487 4634 utque
506 4580 584 4619 rosae
598 4582 674 4634 puro
692 4566 761 4621 lucto
779 4571 879 4620 autaut
895 4563 973 4632 solio,
