3370 5134
622 528 855 593 -111-

144 717 350 801 descriptione
365 719 551 784 Lucretiana
567 718 717 795 manarit,
742 735 821 798 quae
843 716 1056 799 disputatione
1078 716 1134 780 illa
1156 719 1194 782 de
1212 717 1331 782 Aetnae

144 821 272 906 ignibus
295 839 391 906 supra
412 825 656 886 commemorata
677 820 839 901 excipitur.

249 941 379 1009 Ovidius
395 945 500 1006 autem
516 959 550 1006 eo
567 940 689 1006 facilius
706 940 739 1005 in
758 940 850 1018 hano,
867 943 904 1004 de
920 943 1042 1022 quaest
1058 956 1167 1016 sermo,
1183 938 1333 1004 similitu-

146 1045 255 1110 dinem
277 1045 414 1110 incidere
431 1046 543 1128 potuit,
567 1048 646 1126 quod
663 1044 826 1110 Lucretius
843 1045 875 1107 in
898 1043 1005 1107 eodem
1020 1041 1102 1107 libro
1118 1061 1148 1106 v.
1167 1039 1248 1107 1168
1266 1061 1331 1125 sqq.

145 1149 371 1230 pestilentiam,
393 1167 454 1231 qua
469 1153 608 1232 tempore
624 1147 702 1213 belli
717 1146 975 1230 Peloponnesiaci
992 1145 1135 1210 Athenae
1151 1147 1332 1212 devastatae

145 1256 230 1336 sunt,
255 1253 294 1317 ad
317 1251 507 1336 Thucydidis
543 1251 720 1334 exemplum
749 1249 923 1332 descripsit.
958 1267 1020 1331 qua
1052 1249 1086 1312 in
1120 1249 1328 1332 disputatione

147 1374 219 1420 cnm
240 1356 369 1422 morbus
391 1355 459 1438 ipse
482 1355 539 1422 hac
561 1357 682 1420 ratione
704 1355 907 1438 depingatur:

354 1495 454 1548 intima
470 1510 538 1562 pars
554 1494 696 1548 hominum
712 1509 776 1546 cero
794 1493 932 1562 flagrabat
949 1490 987 1546 ad
1005 1507 1074 1556 ossa,

351 1581 487 1651 stagnabat
504 1582 641 1635 stomacho
658 1580 768 1648 flamma
786 1585 819 1634 at
836 1579 997 1644 fornacibus
1014 1580 1097 1642 ictas,

150 1722 212 1768 non
235 1703 273 1768 ab
297 1722 370 1769 vero
393 1703 537 1768 abhorret
559 1702 718 1768 Nasonem
752 1701 824 1767 inde
847 1701 1103 1778 similitudinem,
1138 1719 1199 1783 qua
1224 1700 1330 1784 llrysi-

147 1805 293 1870 chthonis
317 1807 415 1871 fames
444 1806 635 1872 insatiabilis
658 1826 729 1871 oum
753 1805 821 1890 igni
845 1805 1013 1888 confertur,
1037 1807 1218 1888 sumprrise.
1256 1823 1330 1869 nam

20 1913 25 1932 ⁸
147 1907 295 1974 Ovidium
306 1910 386 1974 hanc
397 1913 498 1975 totam
510 1909 707 1991 pestilentiae
719 1909 960 1990 descriptionem
972 1908 1192 1973 Lucretianam
1204 1907 1330 1990 ponitus

151 2014 304 2077 memoria
334 2031 392 2077 sua
425 2013 563 2078 tenuisse
596 2030 687 2077 nemo
720 2013 926 2092 initiabitur,
960 2012 1209 2094 quandoquidem
1241 2011 1332 2076 illum

147 2117 243 2181 etiam
277 2117 520 2200 descriptionem
544 2117 611 2183 eius
644 2116 862 2200 pestilentiae,
897 2136 975 2200 quae
1011 2115 1146 2181 insulam
1174 2114 1328 2198 Aeginam

146 2218 297 2301 vastavit,
321 2219 413 2304 (Met.
438 2221 497 2285 Vl]
520 2221 583 2285 528
607 2223 687 2305 sqq.)
711 2222 751 2286 ad
775 2222 906 2285 eandem
931 2220 1067 2285 Lucretii
1089 2219 1330 2303 descriptionem

148 2322 354 2388 conformasse
377 2342 424 2387 res
448 2326 497 2388 est
518 2324 693 2390 notissima.

251 2441 339 2522 Quod
362 2443 390 2508 si
406 2442 536 2509 Ovidius
560 2445 597 2507 de
615 2443 788 2509 innumeris
804 2443 946 2509 trabibus
960 2444 1083 2508 locutus
1099 2444 1145 2507 est
1168 2446 1262 2525 atque
1284 2442 1331 2507 ita

148 2545 245 2610 silvae
269 2546 450 2611 incendium
472 2546 675 2632 significavit,
705 2568 773 2613 earn
796 2568 861 2612 rem
885 2551 938 2612 aut
961 2547 1107 2612 Lucretio
1140 2546 1242 2627 dehet,
1277 2547 1330 2629 qui

149 2649 249 2714 1897
274 2667 341 2732 sqq.
365 2650 519 2733 originem
552 2651 688 2715 incendii
722 2651 876 2716 silvarum
898 2651 997 2714 fusius
1021 2649 1197 2730 explicavit,
1236 2668 1330 2732 quam

149 2751 372 2836 disputationis
396 2755 518 2834 partem
531 2754 668 2820 Nasonis
690 2754 790 2820 menti
813 2773 847 2819 eo
870 2753 995 2817 facilius
1019 2753 1191 2818 inhaesisse
1212 2754 1329 2830 credas,

150 2858 228 2936 quod
253 2857 368 2920 eximia
392 2858 526 2938 quadam
550 2857 786 2939 pulchritudine
809 2856 958 2922 orationis
975 2855 1057 2920 inter
1074 2860 1192 2920 ceteras
1208 2855 1330 2921 excellit

149 2976 243 3041 eoque
266 2959 369 3042 magis
392 2960 566 3042 logentium
590 2961 709 3024 animos
732 2962 827 3037 tenet,
863 2964 917 3023 aut
942 2959 999 3022 hac
1027 2959 1061 3023 in
1082 2979 1117 3023 re
1140 2961 1329 3028 Graecorum

150 3063 288 3144 exempla
310 3064 437 3127 secutus
455 3066 513 3127 est.
531 3065 648 3128 etenim
663 3066 745 3147 apud
760 3063 934 3128 Homerum
951 3065 1010 3127 duo
1027 3065 1167 3146 exempla
1182 3064 1330 3148 imaginis

151 3184 185 3229 ex
207 3165 305 3230 silvae
327 3164 470 3230 incendio
486 3166 603 3248 petitae
619 3167 824 3249 reperiuntur,
843 3167 879 3231 ll.
897 3171 915 3232 l
933 3167 993 3232 155
1006 3186 1075 3249 sqq.
1092 3170 1123 3231 et
1138 3191 1156 3232 υ
1172 3168 1237 3233 490
1252 3187 1335 3251 sqq,

149 3287 226 3349 quae
248 3268 436 3349 Apollonius
470 3268 547 3352 Arg.
571 3270 617 3334 IV
643 3271 704 3335 139
729 3288 795 3351 sqq.
831 3269 929 3333 simili
963 3270 1099 3352 imagine
1133 3271 1331 3352 aliquantum

149 3371 270 3436 variata
285 3371 446 3454 expressit.
471 3372 523 3436 sed
539 3372 605 3438 sive
621 3373 701 3437 hanc
716 3373 781 3436 sive
794 3373 883 3436 illam
896 3374 1094 3454 amplecteris
1110 3374 1330 3454 coniecturam,

149 3478 183 3538 ut
206 3473 263 3538 hac
286 3476 325 3538 de
347 3493 379 3539 re
396 3475 476 3539 nihil
491 3493 546 3559 pro
563 3477 647 3539 certo
670 3478 808 3540 statuere
831 3475 951 3558 malim,
976 3476 1022 3539 ita
1043 3476 1126 3543 haud
1149 3477 1330 3543 dubitanter·

148 3597 258 3662 negem
281 3577 440 3642 Nasonem
461 3577 493 3642 iu
517 3578 576 3642 illa
598 3578 680 3660 ignis
704 3579 911 3661 descriptione
935 3581 999 3644 suis
1028 3581 1170 3645 insistere
1187 3581 1327 3665 pedibus.

249 3698 383 3763 Leviora
405 3697 592 3764 imitationis
615 3699 749 3782 vestigia
773 3699 1046 3781 deprehenduntur
1069 3699 1103 3765 in
1127 3719 1163 3765 ea
1178 3701 1327 3782 imagine,

149 3818 226 3882 quae
250 3803 336 3866 extat
369 3799 445 3864 Met.
468 3801 585 3866 11228
610 3820 677 3884 sqq.
700 3802 863 3866 Phaethon
896 3804 994 3881 enim,
1029 3805 1103 3868 dum
1127 3805 1201 3869 solis
1236 3823 1329 3870 curru

150 3902 288 3980 vehitur,
314 3903 435 3968 eunetis
459 3906 638 3985 apartibus
662 3904 786 3971 orbem:

353 4038 474 4108 adspicit
491 4056 636 4095 accensam
652 4056 703 4095 aee
720 4047 814 4095 tantos
831 4041 948 4096 sastiaet
965 4047 1063 4109 aestus,

352 4125 539 4196 ferventesque
557 4143 643 4182 acras
660 4128 734 4183 aetat
752 4144 766 4182 e
785 4127 900 4192 fornace
913 4128 1063 4198 profunda

352 4228 403 4267 ora
421 4214 507 4267 trahit
525 4228 675 4283 carrasque
692 4228 755 4268 scos
773 4213 935 4268 candescere
953 4216 1043 4270 sentit.

149 4352 209 4416 qua
225 4352 297 4400 cum
320 4335 457 4416 imagine
472 4341 596 4421 praeter
612 4337 750 4404 Lucretii
765 4338 988 4421 descriptiones
1008 4341 1071 4404 iam
1086 4357 1180 4422 supra
1195 4358 1331 4406 comme·

148 4439 283 4504 moratas
307 4439 379 4520 apte
414 4457 536 4522 quoque
568 4440 802 4523 comparabitur
828 4441 870 4506 VI
894 4443 958 4508 680
980 4462 1056 4526 sqq,
1090 4442 1146 4508 ubi
1167 4442 1195 4508 is
1219 4460 1331 4508 novam

148 4539 390 4625 disputationem
412 4542 451 4607 de
472 4544 577 4608 Aetna
598 4543 741 4610 flammas
766 4550 929 4612 evomente
953 4545 999 4611 sic
1021 4545 1198 4613 incohavit:
