3370 5134
839 531 1069 597 -126-

566 721 698 776 iacdutos
714 721 818 776 Minici
834 721 953 776 colueris
971 721 1095 776 Imaooio
1108 735 1219 788 pennae

618 809 745 878 explicat,
764 813 789 862 et
806 806 897 873 formu
915 807 1002 862 mutto
1019 807 1142 878 superbit
1159 807 1230 862 ceu.

358 917 475 1000 quibus
498 915 643 980 omnihus
677 913 836 998 perpensis
870 915 981 995 sponte
1014 913 1178 996 intelleges
1207 911 1356 978 Ovidium
1393 910 1549 977 vanorum

360 1021 524 1104 poetarum
559 1019 705 1085 flosculos
729 1038 745 1083 s
768 1016 913 1100 plurimis
947 1016 1022 1082 locis
1057 1017 1220 1100 decerptos
1244 1015 1276 1080 in
1295 1015 1393 1092 hanc,
1428 1015 1466 1080 dc
1488 1034 1551 1098 qua

361 1143 461 1190 sermo
485 1126 542 1201 est,
566 1120 809 1204 descriptionem
834 1121 1026 1203 congessisse
1047 1120 1103 1197 ita,
1130 1122 1165 1186 ut
1186 1139 1224 1186 ne
1248 1136 1343 1184 unam
1360 1117 1488 1201 quidem
1513 1139 1550 1185 ex

362 1227 419 1293 hac
441 1226 689 1294 similitudinum
712 1223 925 1307 complexione
946 1223 1085 1306 prolerre
1108 1223 1209 1305 possis
1231 1223 1422 1306 imaginem,
1452 1242 1549 1306 quam

359 1331 445 1398 Naso
468 1331 536 1414 ipse
558 1329 713 1395 invenisse
740 1327 898 1409 putandus
921 1325 1021 1414 sitm)

464 1437 532 1500 Hoc
554 1434 621 1498 loco
637 1430 773 1498 adiciam
789 1429 936 1497 Ovidium
959 1450 995 1496 ex
1010 1430 1145 1513 Vergilii
1167 1429 1274 1514 ecloga
1289 1431 1428 1516 septima
1449 1429 1550 1498 etiam

361 1541 403 1619 id,
428 1539 510 1622 quod
533 1537 651 1622 legitur
672 1537 706 1602 in
729 1554 757 1601 v.
780 1535 823 1600 42
844 1527 996 1618 ‘proiecta
1032 1534 1127 1602 rilior
1147 1527 1240 1618 alga‘,
1274 1535 1305 1600 et
1328 1533 1424 1602 simul
1446 1534 1550 1601 Hora-

359 1644 483 1708 tiannm
516 1641 610 1708 cIII
635 1638 685 1718 17,
720 1641 761 1708 10
783 1657 829 1722 sq.
866 1637 948 1723 ‘alga
980 1638 1057 1704 litus
1091 1638 1341 1705 inutili....
1376 1638 1550 1720 tempestas

361 1743 591 1812 ...sternet
613 1743 782 1828 respexisse
805 1741 896 1825 epist.
919 1742 1012 1808 xvn
1039 1742 1098 1808 107
1122 1761 1178 1825 sq„
1209 1742 1263 1808 ubi
1286 1741 1466 1807 leandrum
1489 1740 1550 1808 hac

358 1849 569 1916 similitudine
592 1849 731 1914 utentem
755 1847 847 1913 facit:

566 1982 623 2021 ceo
639 1967 727 2036 mopso
743 1965 823 2020 iltius
838 1963 981 2019 camerari
999 1963 1107 2034 paedia
1123 1964 1219 2028 coctis,

617 2053 836 2121 Hellespontiaci
853 2067 936 2122 guam
954 2052 1041 2106 maris
1058 2052 1119 2124 alpe
1132 2056 1231 2120 potest.

358 2161 475 2246 quibus
498 2179 570 2226 cum
592 2161 733 2226 versibus
757 2177 792 2224 ee
816 2158 992 2240 comparari
1013 2159 1155 2240 possunt,
1179 2175 1258 2239 quae
1280 2156 1428 2242 leguntur
1452 2153 1549 2239 epist.

364 2266 426 2330 VII
450 2264 512 2329 172
537 2263 630 2328 ‘nunc
651 2262 731 2328 levis
756 2261 887 2330 eiectam
910 2261 1047 2330 continet
1070 2261 1144 2340 alga
1165 2250 1285 2326 ratem'.

391 2399 393 2404 '
463 2387 520 2451 list
544 2385 660 2464 autem
686 2383 724 2449 ut
747 2386 786 2449 ad
801 2381 988 2466 Polyphemi
1005 2381 1197 2447 cantilenam
1211 2381 1287 2446 Met
1303 2381 1384 2446 XlII
1401 2379 1465 2446 789
1480 2398 1549 2465 sqq.

361 2490 501 2570 redeam,
525 2507 636 2570 operae
658 2487 795 2570 pretium
818 2489 1042 2564 demonstrare,
1060 2487 1176 2570 quanto
1191 2502 1283 2567 opere
1301 2486 1432 2552 Ovidius
1450 2484 1550 2552 etiam

358 2593 566 2677 descriptione
589 2597 627 2660 ad
642 2592 871 2676 Polyphemum
888 2592 1076 2675 pertinente,
1100 2608 1177 2673 quae
1193 2589 1350 2655 antecedit
1365 2594 1421 2655 aut
1436 2589 1550 2654 statim

360 2700 519 2782 sequitur,
554 2697 713 2763 Theocriti
747 2696 941 2779 aliorumque
976 2696 1139 2778 poetarum
1176 2683 1316 2778 exempla
1343 2695 1470 2759 secutus
1494 2692 1546 2758 sit.

358 2822 454 2886 qnam
487 2821 554 2868 rem
589 2801 615 2865 si
649 2801 795 2866 hocloco
820 2818 987 2883 exponam,
1024 2798 1108 2864 haud
1131 2801 1291 2882 ingratum
1313 2815 1364 2863 me
1387 2797 1549 2864 iacturum

362 2925 430 2972 esse
463 2922 553 2988 spero
576 2903 770 2984 legentibus,
805 2902 953 2986 qnoniam
988 2902 1066 2968 haec
1100 2903 1239 2985 quamtio
1269 2901 1434 2966 anemine
1471 2901 1549 2966 dum

358 3013 496 3074 tractata
510 3015 567 3090 est,
590 3006 651 3073 nisi
666 3005 747 3088 quod
763 3005 906 3071 Gchcner
927 3006 962 3071 in
978 3004 999 3070 l.
1017 3023 1043 3070 c.
1060 3005 1093 3070 et
1110 3003 1304 3070 Fritzschius
1327 3002 1362 3069 in
1384 3021 1548 3069 commen-

360 3111 448 3178 tariis
482 3112 521 3177 ad
543 3111 743 3176 Theocritum
766 3110 818 3174 hic
840 3109 924 3195 illic,
946 3109 1040 3192 prout
1061 3107 1182 3174 occasio
1205 3125 1270 3173 sese
1294 3105 1428 3190 obtulit,
1453 3124 1548 3189 quae·

359 3217 435 3280 dem
457 3215 655 3281 adnotarunt.

464 3456 497 3524 ³⁰)
517 3453 612 3509 Paucis
639 3453 720 3509 liceat
746 3454 816 3508 mihi
842 3455 892 3509 hac
918 3454 1054 3508 occasione
1078 3469 1158 3523 agere
1185 3453 1218 3508 de
1235 3450 1370 3508 Gebaueri
1387 3452 1546 3518 coniectura,

358 3544 408 3612 qui
425 3559 450 3612 p.
470 3546 522 3595 240
539 3541 601 3595 adn.
621 3546 637 3594 3
655 3540 807 3610 suspicatus
825 3542 866 3594 cst
883 3543 932 3595 aut
949 3540 1034 3609 priori
1046 3539 1118 3608 parti
1130 3538 1344 3594 similitudinum
1356 3539 1546 3608 complexionis

361 3644 469 3683 uersum
487 3625 638 3682 addendum
657 3629 706 3680 aut
722 3627 867 3696 posteriori
894 3642 1002 3681 versum
1028 3625 1189 3680 demendum
1216 3641 1272 3680 csse
1298 3629 1449 3694 propterea,
1477 3625 1546 3696 quod

359 3731 487 3770 uumerus
506 3728 598 3768 eorum
616 3729 751 3780 versuum,
779 3713 877 3784 quibus
905 3715 983 3784 poeta
1001 3711 1194 3782 Polyphemum
1221 3711 1362 3766 Galateam
1388 3711 1546 3768 laudantem

361 3801 427 3856 iecit
444 3802 478 3868 (v.
499 3801 656 3868 789-797),
685 3815 736 3853 uno
755 3816 835 3854 uersu
855 3800 946 3853 minor
964 3801 1013 3862 est,
1041 3814 1121 3871 quarn
1148 3813 1277 3854 numerus
1302 3798 1419 3866 illorum,
1448 3798 1545 3868 quibus

359 3885 513 3958 nymphea
532 3885 645 3955 Cyclope
668 3884 875 3954 reprehenditur
906 3888 943 3954 (r.
963 3888 1120 3953 raa-807).
1147 3901 1239 3939 verum
1266 3883 1336 3938 hanc
1363 3885 1546 3940 coniecturam

361 3974 410 4028 ille
428 3971 497 4028 mihi
516 3971 623 4040 quidem
641 3974 813 4040 praesumpta
832 3971 948 4041 quadam
971 3970 1004 4025 de
1022 3971 1162 4039 parilitate
1179 3970 1303 4041 opinione
1322 3971 1438 4025 calidius
1455 3987 1544 4041 ¹quam

360 4059 581 4128 circumspectius
592 4057 686 4112 iecisse
696 4057 810 4113 ridetur.
828 4074 891 4112 nam
903 4056 1060 4112 accuratius
1070 4055 1140 4112 hanc
1157 4057 1308 4127 imaginum
1318 4058 1545 4113 coacervationem

363 4145 484 4198 intuenti
503 4144 611 4213 eiusque
629 4143 752 4212 singulas
771 4147 862 4211 partes
884 4145 957 4198 inter
977 4158 1005 4197 se
1023 4142 1170 4196 conferenti
1196 4143 1302 4211 patebit
1329 4143 1466 4210 Ovidium,
1493 4143 1545 4198 etsi

363 4229 554 4298 aequabilitati
582 4227 688 4282 cuidam
715 4229 743 4284 in
769 4227 820 4284 hac
840 4228 1021 4300 descriptione
1048 4228 1163 4295 studuit,
1191 4231 1282 4296 temen
1301 4245 1470 4300 peguaquam
1489 4245 1544 4284 eam

361 4315 538 4386 parilitatem,
558 4329 625 4384 quae
642 4315 673 4369 in
691 4315 808 4383 strophis
826 4316 870 4370 rel
889 4314 1068 4386 antistrophis
1088 4315 1263 4384 conspicitur,
1281 4319 1468 4378 consectatum
1481 4331 1542 4370 esse.

360 4417 431 4470 quae
450 4417 493 4456 res
511 4401 553 4456 rel
571 4418 600 4456 eo
620 4399 770 4468 conficitur,
791 4401 861 4470 quod
879 4402 909 4455 in
927 4401 1015 4471 priore
1033 4403 1111 4471 parte
1124 4399 1336 4456 similitudinum
1354 4399 1544 4470 complexionis

361 4486 477 4542 totidem
496 4488 567 4554 (dico
585 4487 645 4556 XV)
665 4503 720 4542 sese
738 4487 854 4541 offerunt
880 4487 1023 4556 imagines,
1049 4490 1116 4556 quot
1134 4487 1163 4540 in
1186 4485 1332 4556 posteriorc
1350 4489 1435 4556 parte.
1465 4503 1543 4558 quam

360 4575 513 4642 imaginum
531 4573 748 4628 distributionem
765 4577 873 4642 poetam
892 4572 924 4628 de
941 4572 1078 4627 industria
1096 4573 1135 4628 sic
1152 4571 1306 4629 instituisse
1325 4570 1508 4644 intellegitur.
