<?xml version="1.0" encoding="UTF-8"?>
<!DOCTYPE html PUBLIC "-//W3C//DTD XHTML 1.0 Transitional//EN"
    "http://www.w3.org/TR/xhtml1/DTD/xhtml1-transitional.dtd">
<html xmlns="http://www.w3.org/1999/xhtml" xml:lang="en" lang="en">
 <head>
  <title>
</title>
<meta http-equiv="Content-Type" content="text/html;charset=utf-8" />
  <meta name='ocr-system' content='tesseract 3.04.00' />
  <meta name='ocr-capabilities' content='ocr_page ocr_carea ocr_par ocr_line ocrx_word'/>
</head>
<body>
  <div class='ocr_page' id='page_1' title='image "./desimilitudinib00washgoog_0098.png"; bbox 0 0 3366 5132; ppageno 0'>
   <div class='ocr_carea' id='block_1_1' title="bbox 584 541 800 610">
    <p class='ocr_par' dir='ltr' id='par_1_1' title="bbox 584 541 800 610">
     <span class='ocr_line' id='line_1_1' title="bbox 584 541 800 610; baseline 0 -18"><span class='ocrx_word' id='word_1_1' title='bbox 584 541 800 610; x_wconf 74' lang='lat'>..85-</span> 
     </span>
    </p>
   </div>
   <div class='ocr_carea' id='block_1_2' title="bbox 93 733 1288 2368">
    <p class='ocr_par' dir='ltr' id='par_1_2' title="bbox 94 733 1288 1542">
     <span class='ocr_line' id='line_1_2' title="bbox 97 733 1287 818; baseline -0.001 -19"><span class='ocrx_word' id='word_1_2' title='bbox 97 753 177 817; x_wconf 91' lang='lat' dir='ltr'>quae</span> <span class='ocrx_word' id='word_1_3' title='bbox 199 753 247 800; x_wconf 91' lang='lat' dir='ltr'>res</span> <span class='ocrx_word' id='word_1_4' title='bbox 278 733 328 800; x_wconf 86' lang='lat' dir='ltr'>vel</span> <span class='ocrx_word' id='word_1_5' title='bbox 351 737 485 800; x_wconf 84' lang='lat' dir='ltr'>maxime</span> <span class='ocrx_word' id='word_1_6' title='bbox 520 751 555 800; x_wconf 91' lang='lat' dir='ltr'>eo</span> <span class='ocrx_word' id='word_1_7' title='bbox 579 734 791 812; x_wconf 85' lang='lat' dir='ltr'>confirmatur,</span> <span class='ocrx_word' id='word_1_8' title='bbox 827 735 909 817; x_wconf 91' lang='lat' dir='ltr'>quod</span> <span class='ocrx_word' id='word_1_9' title='bbox 943 735 983 800; x_wconf 93' lang='lat' dir='ltr'>ad</span> <span class='ocrx_word' id='word_1_10' title='bbox 1016 735 1097 800; x_wconf 89' lang='lat' dir='ltr'>hanc</span> <span class='ocrx_word' id='word_1_11' title='bbox 1130 733 1287 818; x_wconf 82' lang='lat' dir='ltr'>Propertii</span> 
     </span>
     <span class='ocr_line' id='line_1_3' title="bbox 96 837 1286 922; baseline 0.003 -20"><span class='ocrx_word' id='word_1_12' title='bbox 96 838 231 922; x_wconf 79' lang='lat' dir='ltr'>elegiam</span> <span class='ocrx_word' id='word_1_13' title='bbox 266 837 413 905; x_wconf 83' lang='lat' dir='ltr'>Ovidium</span> <span class='ocrx_word' id='word_1_14' title='bbox 447 857 572 904; x_wconf 89' lang='lat' dir='ltr'>carmen</span> <span class='ocrx_word' id='word_1_15' title='bbox 608 842 754 905; x_wconf 86' lang='lat' dir='ltr'>cetarum</span> <span class='ocrx_word' id='word_1_16' title='bbox 789 837 866 902; x_wconf 91' lang='lat' dir='ltr'>libri</span> <span class='ocrx_word' id='word_1_17' title='bbox 888 838 982 920; x_wconf 90' lang='lat' dir='ltr'>primi</span> <span class='ocrx_word' id='word_1_18' title='bbox 1006 839 1157 905; x_wconf 87' lang='lat' dir='ltr'>Amorum</span> <span class='ocrx_word' id='word_1_19' title='bbox 1182 840 1286 906; x_wconf 87' lang='lat' dir='ltr'>totum</span> 
     </span>
     <span class='ocr_line' id='line_1_4' title="bbox 96 939 1287 1024; baseline 0.002 -19"><span class='ocrx_word' id='word_1_20' title='bbox 96 940 308 1008; x_wconf 79' lang='lat' dir='ltr'>conformasse</span> <span class='ocrx_word' id='word_1_21' title='bbox 331 944 464 1020; x_wconf 85' lang='lat' dir='ltr'>constat,</span> <span class='ocrx_word' id='word_1_22' title='bbox 499 941 545 1007; x_wconf 88' lang='lat' dir='ltr'>ita</span> <span class='ocrx_word' id='word_1_23' title='bbox 568 942 605 1007; x_wconf 87' lang='lat' dir='ltr'>ut</span> <span class='ocrx_word' id='word_1_24' title='bbox 633 959 694 1006; x_wconf 91' lang='lat' dir='ltr'>non</span> <span class='ocrx_word' id='word_1_25' title='bbox 718 941 820 1006; x_wconf 88' lang='lat' dir='ltr'>solum</span> <span class='ocrx_word' id='word_1_26' title='bbox 843 939 1077 1024; x_wconf 79' lang='lat' dir='ltr'>argumentum,</span> <span class='ocrx_word' id='word_1_27' title='bbox 1110 941 1287 1007; x_wconf 88' lang='lat' dir='ltr'>sedetiam</span> 
     </span>
     <span class='ocr_line' id='line_1_5' title="bbox 95 1044 1286 1128; baseline 0.003 -20"><span class='ocrx_word' id='word_1_28' title='bbox 95 1045 237 1128; x_wconf 90' lang='lat' dir='ltr'>singulas</span> <span class='ocrx_word' id='word_1_29' title='bbox 260 1045 435 1111; x_wconf 88' lang='lat' dir='ltr'>sententias</span> <span class='ocrx_word' id='word_1_30' title='bbox 457 1045 491 1109; x_wconf 92' lang='lat' dir='ltr'>in</span> <span class='ocrx_word' id='word_1_31' title='bbox 513 1065 605 1110; x_wconf 90' lang='lat' dir='ltr'>usum</span> <span class='ocrx_word' id='word_1_32' title='bbox 629 1065 721 1111; x_wconf 90' lang='lat' dir='ltr'>suum</span> <span class='ocrx_word' id='word_1_33' title='bbox 744 1049 948 1122; x_wconf 88' lang='lat' dir='ltr'>converteret,</span> <span class='ocrx_word' id='word_1_34' title='bbox 981 1044 1090 1124; x_wconf 87' lang='lat' dir='ltr'>veluti,</span> <span class='ocrx_word' id='word_1_35' title='bbox 1120 1046 1164 1111; x_wconf 82' lang='lat' dir='ltr'>nt·</span> <span class='ocrx_word' id='word_1_36' title='bbox 1186 1063 1286 1111; x_wconf 89' lang='lat' dir='ltr'>unum</span> 
     </span>
     <span class='ocr_line' id='line_1_6' title="bbox 96 1147 1286 1231; baseline 0 -19"><span class='ocrx_word' id='word_1_37' title='bbox 96 1165 270 1231; x_wconf 91' lang='lat' dir='ltr'>proponam</span> <span class='ocrx_word' id='word_1_38' title='bbox 294 1148 480 1230; x_wconf 87' lang='lat' dir='ltr'>exemplum,</span> <span class='ocrx_word' id='word_1_39' title='bbox 504 1147 586 1214; x_wconf 91' lang='lat' dir='ltr'>illud</span> <span class='ocrx_word' id='word_1_40' title='bbox 610 1149 813 1215; x_wconf 83' lang='lat' dir='ltr'>dolenorum</span> <span class='ocrx_word' id='word_1_41' title='bbox 836 1152 903 1214; x_wconf 89' lang='lat' dir='ltr'>arte</span> <span class='ocrx_word' id='word_1_42' title='bbox 919 1150 952 1214; x_wconf 88' lang='lat' dir='ltr'>et</span> <span class='ocrx_word' id='word_1_43' title='bbox 967 1148 1107 1213; x_wconf 88' lang='lat' dir='ltr'>moribus</span> <span class='ocrx_word' id='word_1_44' title='bbox 1122 1147 1286 1213; x_wconf 88' lang='lat' dir='ltr'>iudicium.</span> 
     </span>
     <span class='ocr_line' id='line_1_7' title="bbox 94 1250 1288 1336; baseline 0 -19"><span class='ocrx_word' id='word_1_45' title='bbox 94 1251 172 1334; x_wconf 91' lang='lat' dir='ltr'>quid</span> <span class='ocrx_word' id='word_1_46' title='bbox 196 1251 277 1334; x_wconf 91' lang='lat' dir='ltr'>quod</span> <span class='ocrx_word' id='word_1_47' title='bbox 299 1251 333 1316; x_wconf 94' lang='lat' dir='ltr'>in</span> <span class='ocrx_word' id='word_1_48' title='bbox 356 1251 427 1316; x_wconf 89' lang='lat' dir='ltr'>aliis</span> <span class='ocrx_word' id='word_1_49' title='bbox 450 1252 549 1318; x_wconf 89' lang='lat' dir='ltr'>etiam</span> <span class='ocrx_word' id='word_1_50' title='bbox 565 1251 758 1318; x_wconf 88' lang='lat' dir='ltr'>carminibus</span> <span class='ocrx_word' id='word_1_51' title='bbox 774 1250 936 1317; x_wconf 76' lang='lat' dir='ltr'>Ov&#39;idianis</span> <span class='ocrx_word' id='word_1_52' title='bbox 952 1251 1094 1336; x_wconf 89' lang='lat' dir='ltr'>singulae</span> <span class='ocrx_word' id='word_1_53' title='bbox 1110 1251 1288 1317; x_wconf 78' lang='lat' dir='ltr'>sentmtiae</span> 
     </span>
     <span class='ocr_line' id='line_1_8' title="bbox 95 1353 1287 1440; baseline 0.002 -21"><span class='ocrx_word' id='word_1_54' title='bbox 95 1355 134 1420; x_wconf 92' lang='lat' dir='ltr'>ad</span> <span class='ocrx_word' id='word_1_55' title='bbox 159 1353 251 1420; x_wconf 89' lang='lat' dir='ltr'>illam</span> <span class='ocrx_word' id='word_1_56' title='bbox 274 1355 431 1436; x_wconf 80' lang='lat' dir='ltr'>Propertii</span> <span class='ocrx_word' id='word_1_57' title='bbox 454 1357 588 1440; x_wconf 89' lang='lat' dir='ltr'>elegiam</span> <span class='ocrx_word' id='word_1_58' title='bbox 610 1355 790 1421; x_wconf 85' lang='lat' dir='ltr'>referendae</span> <span class='ocrx_word' id='word_1_59' title='bbox 813 1357 1021 1437; x_wconf 88' lang='lat' dir='ltr'>reperiuntur,</span> <span class='ocrx_word' id='word_1_60' title='bbox 1044 1353 1077 1419; x_wconf 94' lang='lat' dir='ltr'>id</span> <span class='ocrx_word' id='word_1_61' title='bbox 1101 1354 1193 1436; x_wconf 89' lang='lat' dir='ltr'>quod,</span> <span class='ocrx_word' id='word_1_62' title='bbox 1218 1356 1287 1437; x_wconf 91' lang='lat' dir='ltr'>qui·</span> 
     </span>
     <span class='ocr_line' id='line_1_9' title="bbox 95 1456 1287 1542; baseline 0.001 -19"><span class='ocrx_word' id='word_1_63' title='bbox 95 1476 233 1541; x_wconf 90' lang='lat' dir='ltr'>cumque</span> <span class='ocrx_word' id='word_1_64' title='bbox 250 1457 417 1523; x_wconf 88' lang='lat' dir='ltr'>editionem</span> <span class='ocrx_word' id='word_1_65' title='bbox 433 1458 704 1524; x_wconf 89' lang='lat' dir='ltr'>Burmannienam</span> <span class='ocrx_word' id='word_1_66' title='bbox 720 1457 968 1541; x_wconf 83' lang='lat' dir='ltr'>perlustraverit,</span> <span class='ocrx_word' id='word_1_67' title='bbox 984 1456 1095 1524; x_wconf 83' lang='lat' dir='ltr'>statim</span> <span class='ocrx_word' id='word_1_68' title='bbox 1111 1456 1287 1542; x_wconf 83' lang='lat' dir='ltr'>intelleget.</span> 
     </span>
    </p>

    <p class='ocr_par' dir='ltr' id='par_1_3' title="bbox 93 1559 1288 2368">
     <span class='ocr_line' id='line_1_10' title="bbox 206 1559 1288 1646; baseline 0.002 -20"><span class='ocrx_word' id='word_1_69' title='bbox 206 1559 258 1626; x_wconf 77' lang='lat' dir='ltr'>Ab</span> <span class='ocrx_word' id='word_1_70' title='bbox 280 1559 472 1644; x_wconf 86' lang='lat' dir='ltr'>imaginibus</span> <span class='ocrx_word' id='word_1_71' title='bbox 497 1580 610 1644; x_wconf 89' lang='lat' dir='ltr'>aquam</span> <span class='ocrx_word' id='word_1_72' title='bbox 633 1561 848 1645; x_wconf 79' lang='lat' dir='ltr'>spectantibus</span> <span class='ocrx_word' id='word_1_73' title='bbox 872 1561 935 1626; x_wconf 92' lang='lat' dir='ltr'>iam</span> <span class='ocrx_word' id='word_1_74' title='bbox 951 1561 1186 1646; x_wconf 88' lang='lat' dir='ltr'>progrediamur</span> <span class='ocrx_word' id='word_1_75' title='bbox 1202 1563 1288 1628; x_wconf 92' lang='lat' dir='ltr'>adid</span> 
     </span>
     <span class='ocr_line' id='line_1_11' title="bbox 94 1654 1287 1749; baseline 0 -19"><span class='ocrx_word' id='word_1_76' title='bbox 94 1683 196 1748; x_wconf 88' lang='lat' dir='ltr'>genas</span> <span class='ocrx_word' id='word_1_77' title='bbox 213 1663 469 1749; x_wconf 84' lang='lat' dir='ltr'>similitudinum,</span> <span class='ocrx_word' id='word_1_78' title='bbox 487 1665 569 1747; x_wconf 91' lang='lat' dir='ltr'>quod</span> <span class='ocrx_word' id='word_1_79' title='bbox 586 1654 702 1732; x_wconf 84' lang='lat' dir='ltr'>intin&#39;ra</span> <span class='ocrx_word' id='word_1_80' title='bbox 717 1665 901 1747; x_wconf 88' lang='lat' dir='ltr'>cognatione</span> <span class='ocrx_word' id='word_1_81' title='bbox 917 1683 989 1731; x_wconf 90' lang='lat' dir='ltr'>corn</span> <span class='ocrx_word' id='word_1_82' title='bbox 1004 1664 1068 1730; x_wconf 91' lang='lat' dir='ltr'>illis</span> <span class='ocrx_word' id='word_1_83' title='bbox 1085 1665 1287 1732; x_wconf 90' lang='lat' dir='ltr'>coniunctum</span> 
     </span>
     <span class='ocr_line' id='line_1_12' title="bbox 95 1767 1288 1855; baseline 0 -21"><span class='ocrx_word' id='word_1_84' title='bbox 95 1770 150 1849; x_wconf 88' lang='lat' dir='ltr'>est,</span> <span class='ocrx_word' id='word_1_85' title='bbox 179 1767 248 1833; x_wconf 89' lang='lat' dir='ltr'>dico</span> <span class='ocrx_word' id='word_1_86' title='bbox 271 1767 425 1853; x_wconf 88' lang='lat' dir='ltr'>imagines</span> <span class='ocrx_word' id='word_1_87' title='bbox 448 1789 467 1834; x_wconf 88' lang='lat' dir='ltr'>a</span> <span class='ocrx_word' id='word_1_88' title='bbox 490 1769 590 1855; x_wconf 88' lang='lat' dir='ltr'>glacie</span> <span class='ocrx_word' id='word_1_89' title='bbox 612 1771 678 1836; x_wconf 85' lang='lat' dir='ltr'>sire</span> <span class='ocrx_word' id='word_1_90' title='bbox 693 1772 806 1853; x_wconf 89' lang='lat' dir='ltr'>pruina</span> <span class='ocrx_word' id='word_1_91' title='bbox 820 1769 1059 1835; x_wconf 85' lang='lat' dir='ltr'>remollescente</span> <span class='ocrx_word' id='word_1_92' title='bbox 1075 1769 1288 1851; x_wconf 63' lang='lat' dir='ltr'>depromptas,</span> 
     </span>
     <span class='ocr_line' id='line_1_13' title="bbox 93 1871 1284 1955; baseline -0.002 -17"><span class='ocrx_word' id='word_1_93' title='bbox 93 1873 285 1955; x_wconf 89' lang='lat' dir='ltr'>quibuscum</span> <span class='ocrx_word' id='word_1_94' title='bbox 315 1871 482 1938; x_wconf 90' lang='lat' dir='ltr'>cohaerent</span> <span class='ocrx_word' id='word_1_95' title='bbox 505 1872 728 1938; x_wconf 87' lang='lat' dir='ltr'>similitudines</span> <span class='ocrx_word' id='word_1_96' title='bbox 751 1893 769 1940; x_wconf 91' lang='lat' dir='ltr'>a</span> <span class='ocrx_word' id='word_1_97' title='bbox 792 1891 864 1939; x_wconf 88' lang='lat' dir='ltr'>cera</span> <span class='ocrx_word' id='word_1_98' title='bbox 896 1871 1133 1938; x_wconf 84' lang='lat' dir='ltr'>remollesoente</span> <span class='ocrx_word' id='word_1_99' title='bbox 1155 1871 1284 1954; x_wconf 83' lang='lat' dir='ltr'>petitae.</span> 
     </span>
     <span class='ocr_line' id='line_1_14' title="bbox 94 1974 1285 2060; baseline -0.002 -19"><span class='ocrx_word' id='word_1_100' title='bbox 94 1978 154 2041; x_wconf 90' lang='lat' dir='ltr'>hoe</span> <span class='ocrx_word' id='word_1_101' title='bbox 178 1975 277 2060; x_wconf 86' lang='lat' dir='ltr'>igitar</span> <span class='ocrx_word' id='word_1_102' title='bbox 300 1974 548 2042; x_wconf 87' lang='lat' dir='ltr'>similitudinum</span> <span class='ocrx_word' id='word_1_103' title='bbox 572 1977 758 2060; x_wconf 84' lang='lat' dir='ltr'>gerusiam</span> <span class='ocrx_word' id='word_1_104' title='bbox 780 1975 962 2060; x_wconf 87' lang='lat' dir='ltr'>Zingerleus</span> <span class='ocrx_word' id='word_1_105' title='bbox 979 1975 1011 2040; x_wconf 91' lang='lat' dir='ltr'>Il</span> <span class='ocrx_word' id='word_1_106' title='bbox 1027 1976 1070 2042; x_wconf 82' lang='lat'>23</span> <span class='ocrx_word' id='word_1_107' title='bbox 1085 1975 1204 2059; x_wconf 84' lang='lat' dir='ltr'>tetigit,</span> <span class='ocrx_word' id='word_1_108' title='bbox 1229 1975 1285 2041; x_wconf 88' lang='lat' dir='ltr'>sed</span> 
     </span>
     <span class='ocr_line' id='line_1_15' title="bbox 94 2077 1287 2146; baseline 0.001 -3"><span class='ocrx_word' id='word_1_109' title='bbox 94 2098 162 2144; x_wconf 91' lang='lat' dir='ltr'>rem</span> <span class='ocrx_word' id='word_1_110' title='bbox 185 2097 249 2144; x_wconf 91' lang='lat' dir='ltr'>non</span> <span class='ocrx_word' id='word_1_111' title='bbox 272 2078 419 2146; x_wconf 81' lang='lat' dir='ltr'>absolvit</span> <span class='ocrx_word' id='word_1_112' title='bbox 442 2097 516 2145; x_wconf 87' lang='lat' dir='ltr'>nam</span> <span class='ocrx_word' id='word_1_113' title='bbox 540 2079 765 2146; x_wconf 83' lang='lat' dir='ltr'>animadvertit</span> <span class='ocrx_word' id='word_1_114' title='bbox 794 2081 1012 2145; x_wconf 78' lang='lat' dir='ltr'>tantummodo</span> <span class='ocrx_word' id='word_1_115' title='bbox 1041 2096 1111 2144; x_wconf 89' lang='lat' dir='ltr'>eam</span> <span class='ocrx_word' id='word_1_116' title='bbox 1134 2077 1287 2144; x_wconf 87' lang='lat' dir='ltr'>similitu·</span> 
     </span>
     <span class='ocr_line' id='line_1_16' title="bbox 93 2181 1288 2271; baseline -0.002 -21"><span class='ocrx_word' id='word_1_117' title='bbox 93 2184 198 2250; x_wconf 91' lang='lat' dir='ltr'>dinem</span> <span class='ocrx_word' id='word_1_118' title='bbox 222 2203 239 2248; x_wconf 95' lang='lat' dir='ltr'>e</span> <span class='ocrx_word' id='word_1_119' title='bbox 262 2202 333 2249; x_wconf 86' lang='lat' dir='ltr'>cera</span> <span class='ocrx_word' id='word_1_120' title='bbox 347 2185 490 2266; x_wconf 80' lang='lat' dir='ltr'>petitam,</span> <span class='ocrx_word' id='word_1_121' title='bbox 513 2203 576 2271; x_wconf 90' lang='lat' dir='ltr'>qua</span> <span class='ocrx_word' id='word_1_122' title='bbox 591 2185 752 2250; x_wconf 83' lang='lat' dir='ltr'>Lucretius</span> <span class='ocrx_word' id='word_1_123' title='bbox 766 2184 1003 2267; x_wconf 83' lang='lat' dir='ltr'>explicationem</span> <span class='ocrx_word' id='word_1_124' title='bbox 1019 2201 1106 2248; x_wconf 87' lang='lat' dir='ltr'>suam</span> <span class='ocrx_word' id='word_1_125' title='bbox 1124 2181 1162 2247; x_wconf 95' lang='lat' dir='ltr'>de</span> <span class='ocrx_word' id='word_1_126' title='bbox 1178 2181 1288 2265; x_wconf 85' lang='lat' dir='ltr'>pluvia</span> 
     </span>
     <span class='ocr_line' id='line_1_17' title="bbox 96 2286 1191 2368; baseline 0.003 -19"><span class='ocrx_word' id='word_1_127' title='bbox 96 2287 139 2351; x_wconf 92' lang='lat' dir='ltr'>VI</span> <span class='ocrx_word' id='word_1_128' title='bbox 163 2286 229 2352; x_wconf 79' lang='lat'>513</span> <span class='ocrx_word' id='word_1_129' title='bbox 252 2305 320 2368; x_wconf 87' lang='lat' dir='ltr'>sqq.</span> <span class='ocrx_word' id='word_1_130' title='bbox 344 2287 533 2353; x_wconf 85' lang='lat' dir='ltr'>illustrarit:</span> <span class='ocrx_word' id='word_1_131' title='bbox 1187 2305 1191 2312; x_wconf 87' lang='grc'>’</span> 
     </span>
    </p>
   </div>
   <div class='ocr_carea' id='block_1_3' title="bbox 298 2405 1075 2734">
    <p class='ocr_par' dir='ltr' id='par_1_4' title="bbox 298 2405 1036 2560">
     <span class='ocr_line' id='line_1_18' title="bbox 298 2405 1036 2475; baseline 0.003 -17"><span class='ocrx_word' id='word_1_132' title='bbox 298 2411 448 2474; x_wconf 81' lang='lat' dir='ltr'>praeterea</span> <span class='ocrx_word' id='word_1_133' title='bbox 465 2421 527 2460; x_wconf 88' lang='lat' dir='ltr'>eum</span> <span class='ocrx_word' id='word_1_134' title='bbox 545 2410 692 2461; x_wconf 77' lang='lat' dir='ltr'>rarescauut</span> <span class='ocrx_word' id='word_1_135' title='bbox 710 2420 815 2475; x_wconf 88' lang='lat' dir='ltr'>quaque</span> <span class='ocrx_word' id='word_1_136' title='bbox 832 2405 929 2460; x_wconf 80' lang='lat' dir='ltr'>nubila</span> <span class='ocrx_word' id='word_1_137' title='bbox 946 2405 1036 2461; x_wconf 72' lang='lat' dir='ltr'>aeuus</span> 
     </span>
     <span class='ocr_line' id='line_1_19' title="bbox 301 2492 937 2560; baseline 0 -14"><span class='ocrx_word' id='word_1_138' title='bbox 301 2497 351 2546; x_wconf 89' lang='lat' dir='ltr'>aut</span> <span class='ocrx_word' id='word_1_139' title='bbox 369 2492 566 2558; x_wconf 78' lang='lat' dir='ltr'>dissoluuntur,</span> <span class='ocrx_word' id='word_1_140' title='bbox 584 2492 648 2546; x_wconf 77' lang='lat' dir='ltr'>ealda</span> <span class='ocrx_word' id='word_1_141' title='bbox 665 2507 749 2560; x_wconf 79' lang='lat' dir='ltr'>super</span> <span class='ocrx_word' id='word_1_142' title='bbox 766 2493 822 2548; x_wconf 83' lang='lat' dir='ltr'>icta</span> <span class='ocrx_word' id='word_1_143' title='bbox 839 2493 937 2557; x_wconf 83' lang='lat' dir='ltr'>calore,</span> 
     </span>
    </p>

    <p class='ocr_par' dir='ltr' id='par_1_5' title="bbox 304 2576 1075 2734">
     <span class='ocr_line' id='line_1_20' title="bbox 306 2576 1075 2648; baseline 0 -16"><span class='ocrx_word' id='word_1_144' title='bbox 306 2578 421 2632; x_wconf 84' lang='lat' dir='ltr'>mittuut</span> <span class='ocrx_word' id='word_1_145' title='bbox 439 2593 560 2632; x_wconf 86' lang='lat' dir='ltr'>umorem</span> <span class='ocrx_word' id='word_1_146' title='bbox 574 2577 716 2647; x_wconf 83' lang='lat' dir='ltr'>pluuium,</span> <span class='ocrx_word' id='word_1_147' title='bbox 729 2577 899 2646; x_wconf 75' lang='lat' dir='ltr'>attilamque,</span> <span class='ocrx_word' id='word_1_148' title='bbox 918 2577 999 2646; x_wconf 76' lang='lat' dir='ltr'>quau</span> <span class='ocrx_word' id='word_1_149' title='bbox 1015 2576 1075 2648; x_wconf 79' lang='lat' dir='ltr'>iqui</span> 
     </span>
     <span class='ocr_line' id='line_1_21' title="bbox 304 2651 1001 2734; baseline -0.001 -16"><span class='ocrx_word' id='word_1_150' title='bbox 304 2679 369 2718; x_wconf 85' lang='lat' dir='ltr'>cera</span> <span class='ocrx_word' id='word_1_151' title='bbox 386 2679 471 2734; x_wconf 80' lang='lat' dir='ltr'>super</span> <span class='ocrx_word' id='word_1_152' title='bbox 489 2663 581 2720; x_wconf 79' lang='lat' dir='ltr'>calida</span> <span class='ocrx_word' id='word_1_153' title='bbox 599 2651 736 2719; x_wconf 82' lang='lat' dir='ltr'>tabesceue</span> <span class='ocrx_word' id='word_1_154' title='bbox 753 2663 842 2718; x_wconf 84' lang='lat' dir='ltr'>multa</span> <span class='ocrx_word' id='word_1_155' title='bbox 860 2663 1001 2733; x_wconf 81' lang='lat' dir='ltr'>liquescat,</span> 
     </span>
    </p>
   </div>
   <div class='ocr_carea' id='block_1_4' title="bbox 92 2767 1286 3066">
    <p class='ocr_par' dir='ltr' id='par_1_6' title="bbox 92 2767 1286 3066">
     <span class='ocr_line' id='line_1_22' title="bbox 92 2767 1286 2851; baseline 0 -17"><span class='ocrx_word' id='word_1_156' title='bbox 92 2767 201 2836; x_wconf 86' lang='lat' dir='ltr'>Ovidii</span> <span class='ocrx_word' id='word_1_157' title='bbox 223 2771 323 2835; x_wconf 90' lang='lat' dir='ltr'>menti</span> <span class='ocrx_word' id='word_1_158' title='bbox 345 2771 542 2837; x_wconf 84' lang='lat' dir='ltr'>obversatam</span> <span class='ocrx_word' id='word_1_159' title='bbox 565 2788 641 2850; x_wconf 92' lang='lat' dir='ltr'>esse,</span> <span class='ocrx_word' id='word_1_160' title='bbox 665 2788 736 2834; x_wconf 88' lang='lat' dir='ltr'>aum</span> <span class='ocrx_word' id='word_1_161' title='bbox 752 2768 976 2835; x_wconf 82' lang='lat' dir='ltr'>Met11148&#39;l</span> <span class='ocrx_word' id='word_1_162' title='bbox 993 2785 1060 2851; x_wconf 89' lang='lat' dir='ltr'>sqq.</span> <span class='ocrx_word' id='word_1_163' title='bbox 1076 2768 1110 2834; x_wconf 93' lang='lat' dir='ltr'>in</span> <span class='ocrx_word' id='word_1_164' title='bbox 1127 2767 1286 2851; x_wconf 86' lang='lat' dir='ltr'>Narcisso,</span> 
     </span>
     <span class='ocr_line' id='line_1_23' title="bbox 93 2871 1284 2957; baseline -0.001 -19"><span class='ocrx_word' id='word_1_165' title='bbox 93 2873 147 2956; x_wconf 90' lang='lat' dir='ltr'>qui</span> <span class='ocrx_word' id='word_1_166' title='bbox 170 2878 349 2940; x_wconf 88' lang='lat' dir='ltr'>maceratus</span> <span class='ocrx_word' id='word_1_167' title='bbox 371 2890 477 2938; x_wconf 89' lang='lat' dir='ltr'>amore</span> <span class='ocrx_word' id='word_1_168' title='bbox 500 2873 548 2937; x_wconf 90' lang='lat' dir='ltr'>sui</span> <span class='ocrx_word' id='word_1_169' title='bbox 571 2871 689 2939; x_wconf 88' lang='lat' dir='ltr'>diffluit</span> <span class='ocrx_word' id='word_1_170' title='bbox 712 2873 744 2937; x_wconf 86' lang='lat' dir='ltr'>et</span> <span class='ocrx_word' id='word_1_171' title='bbox 766 2873 919 2955; x_wconf 90' lang='lat' dir='ltr'>paulatim</span> <span class='ocrx_word' id='word_1_172' title='bbox 940 2872 1015 2957; x_wconf 88' lang='lat' dir='ltr'>igne</span> <span class='ocrx_word' id='word_1_173' title='bbox 1039 2877 1158 2940; x_wconf 85' lang='lat' dir='ltr'>secreto</span> <span class='ocrx_word' id='word_1_174' title='bbox 1191 2873 1284 2938; x_wconf 82' lang='lat' dir='ltr'>absu-</span> 
     </span>
     <span class='ocr_line' id='line_1_24' title="bbox 94 2975 1235 3066; baseline 0.001 -25"><span class='ocrx_word' id='word_1_175' title='bbox 94 2977 206 3057; x_wconf 87' lang='lat' dir='ltr'>mitur,</span> <span class='ocrx_word' id='word_1_176' title='bbox 230 2976 429 3042; x_wconf 89' lang='lat' dir='ltr'>describendo</span> <span class='ocrx_word' id='word_1_177' title='bbox 453 2976 563 3042; x_wconf 90' lang='lat' dir='ltr'>eadem</span> <span class='ocrx_word' id='word_1_178' title='bbox 584 2975 718 3066; x_wconf 83' lang='lat' dir='ltr'>imagine</span> <span class='ocrx_word' id='word_1_179' title='bbox 740 2977 778 3041; x_wconf 96' lang='lat' dir='ltr'>de</span> <span class='ocrx_word' id='word_1_180' title='bbox 801 2993 870 3042; x_wconf 89' lang='lat' dir='ltr'>cere</span> <span class='ocrx_word' id='word_1_181' title='bbox 892 2977 1057 3059; x_wconf 86' lang='lat' dir='ltr'>desumpta</span> <span class='ocrx_word' id='word_1_182' title='bbox 1079 2995 1153 3042; x_wconf 88' lang='lat' dir='ltr'>neus</span> <span class='ocrx_word' id='word_1_183' title='bbox 1176 2975 1235 3043; x_wconf 83' lang='lat' dir='ltr'>eit:</span> 
     </span>
    </p>
   </div>
   <div class='ocr_carea' id='block_1_5' title="bbox 301 3095 995 3426">
    <p class='ocr_par' dir='ltr' id='par_1_7' title="bbox 301 3095 995 3254">
     <span class='ocr_line' id='line_1_25' title="bbox 301 3095 995 3165; baseline 0.003 -15"><span class='ocrx_word' id='word_1_184' title='bbox 301 3112 360 3151; x_wconf 79' lang='lat' dir='ltr'>aaa</span> <span class='ocrx_word' id='word_1_185' title='bbox 377 3097 443 3150; x_wconf 81' lang='lat' dir='ltr'>tulit</span> <span class='ocrx_word' id='word_1_186' title='bbox 460 3096 586 3162; x_wconf 82' lang='lat' dir='ltr'>ulterius,</span> <span class='ocrx_word' id='word_1_187' title='bbox 604 3095 654 3151; x_wconf 80' lang='lat' dir='ltr'>aad</span> <span class='ocrx_word' id='word_1_188' title='bbox 671 3101 704 3150; x_wconf 88' lang='lat' dir='ltr'>ut</span> <span class='ocrx_word' id='word_1_189' title='bbox 720 3096 889 3151; x_wconf 75' lang='lat' dir='ltr'>intabescere</span> <span class='ocrx_word' id='word_1_190' title='bbox 906 3096 995 3165; x_wconf 77' lang='lat' dir='ltr'>ttaaae</span> 
     </span>
     <span class='ocr_line' id='line_1_26' title="bbox 302 3183 898 3254; baseline 0 -16"><span class='ocrx_word' id='word_1_191' title='bbox 302 3185 366 3254; x_wconf 77' lang='lat' dir='ltr'>ipae</span> <span class='ocrx_word' id='word_1_192' title='bbox 384 3184 438 3239; x_wconf 83' lang='lat' dir='ltr'>leot</span> <span class='ocrx_word' id='word_1_193' title='bbox 455 3199 535 3238; x_wconf 86' lang='lat' dir='ltr'>cerae</span> <span class='ocrx_word' id='word_1_194' title='bbox 551 3183 759 3252; x_wconf 80' lang='lat' dir='ltr'>matutinaeque</span> <span class='ocrx_word' id='word_1_195' title='bbox 773 3185 898 3253; x_wconf 78' lang='lat' dir='ltr'>pruinae</span> 
     </span>
    </p>

    <p class='ocr_par' dir='ltr' id='par_1_8' title="bbox 301 3270 947 3426">
     <span class='ocr_line' id='line_1_27' title="bbox 301 3270 946 3338; baseline 0 -14"><span class='ocrx_word' id='word_1_196' title='bbox 301 3271 356 3324; x_wconf 83' lang='lat' dir='ltr'>eote</span> <span class='ocrx_word' id='word_1_197' title='bbox 374 3276 482 3338; x_wconf 87' lang='lat' dir='ltr'>tepeute</span> <span class='ocrx_word' id='word_1_198' title='bbox 500 3271 597 3334; x_wconf 84' lang='lat' dir='ltr'>aoteut,</span> <span class='ocrx_word' id='word_1_199' title='bbox 615 3270 656 3325; x_wconf 81' lang='lat' dir='ltr'>ea&#39;c</span> <span class='ocrx_word' id='word_1_200' title='bbox 673 3275 835 3325; x_wconf 79' lang='lat' dir='ltr'>attenuatur</span> <span class='ocrx_word' id='word_1_201' title='bbox 853 3285 946 3324; x_wconf 87' lang='lat' dir='ltr'>amare</span> 
     </span>
     <span class='ocr_line' id='line_1_28' title="bbox 302 3356 947 3426; baseline -0.003 -15"><span class='ocrx_word' id='word_1_202' title='bbox 302 3357 422 3426; x_wconf 78' lang='lat' dir='ltr'>liquitur</span> <span class='ocrx_word' id='word_1_203' title='bbox 439 3363 465 3412; x_wconf 87' lang='lat' dir='ltr'>et</span> <span class='ocrx_word' id='word_1_204' title='bbox 483 3372 562 3412; x_wconf 89' lang='lat' dir='ltr'>caeco</span> <span class='ocrx_word' id='word_1_205' title='bbox 579 3356 718 3426; x_wconf 83' lang='lat' dir='ltr'>paulatim</span> <span class='ocrx_word' id='word_1_206' title='bbox 736 3356 862 3425; x_wconf 82' lang='lat' dir='ltr'>carpitur</span> <span class='ocrx_word' id='word_1_207' title='bbox 872 3357 947 3426; x_wconf 73' lang='lat' dir='ltr'>iqui.</span> 
     </span>
    </p>
   </div>
   <div class='ocr_carea' id='block_1_6' title="bbox 92 3449 1286 3545">
    <p class='ocr_par' dir='ltr' id='par_1_9' title="bbox 92 3449 1286 3545">
     <span class='ocr_line' id='line_1_29' title="bbox 92 3449 1286 3545; baseline -0.003 -19"><span class='ocrx_word' id='word_1_208' title='bbox 92 3463 147 3528; x_wconf 91' lang='lat' dir='ltr'>sed</span> <span class='ocrx_word' id='word_1_209' title='bbox 166 3480 207 3526; x_wconf 91' lang='lat' dir='ltr'>ne</span> <span class='ocrx_word' id='word_1_210' title='bbox 224 3461 293 3545; x_wconf 90' lang='lat' dir='ltr'>quis</span> <span class='ocrx_word' id='word_1_211' title='bbox 308 3449 398 3545; x_wconf 80' lang='lat' dir='ltr'>putet</span> <span class='ocrx_word' id='word_1_212' title='bbox 414 3463 548 3528; x_wconf 88' lang='lat' dir='ltr'>alteram</span> <span class='ocrx_word' id='word_1_213' title='bbox 564 3459 671 3527; x_wconf 86' lang='lat' dir='ltr'>Ovidii</span> <span class='ocrx_word' id='word_1_214' title='bbox 686 3460 857 3544; x_wconf 86' lang='lat' dir='ltr'>imaginem</span> <span class='ocrx_word' id='word_1_215' title='bbox 876 3461 915 3525; x_wconf 90' lang='lat' dir='ltr'>ad</span> <span class='ocrx_word' id='word_1_216' title='bbox 930 3459 1060 3544; x_wconf 91' lang='lat' dir='ltr'>pruinas</span> <span class='ocrx_word' id='word_1_217' title='bbox 1075 3459 1286 3541; x_wconf 87' lang='lat' dir='ltr'>pertinentem</span> 
     </span>
    </p>
   </div>
   <div class='ocr_carea' id='block_1_7' title="bbox 95 3562 1394 3650">
    <p class='ocr_par' dir='ltr' id='par_1_10' title="bbox 95 3562 1394 3650">
     <span class='ocr_line' id='line_1_30' title="bbox 95 3562 1394 3650; baseline -0.002 -20"><span class='ocrx_word' id='word_1_218' title='bbox 95 3585 132 3630; x_wconf 82' lang='lat' dir='ltr'>er</span> <span class='ocrx_word' id='word_1_219' title='bbox 166 3564 235 3632; x_wconf 90' lang='lat' dir='ltr'>eins</span> <span class='ocrx_word' id='word_1_220' title='bbox 268 3564 368 3649; x_wconf 87' lang='lat' dir='ltr'>ipsius</span> <span class='ocrx_word' id='word_1_221' title='bbox 402 3564 528 3650; x_wconf 90' lang='lat' dir='ltr'>ingenio</span> <span class='ocrx_word' id='word_1_222' title='bbox 562 3565 736 3647; x_wconf 86' lang='lat' dir='ltr'>prolectam</span> <span class='ocrx_word' id='word_1_223' title='bbox 760 3582 838 3642; x_wconf 88' lang='lat' dir='ltr'>esse,</span> <span class='ocrx_word' id='word_1_224' title='bbox 873 3564 1008 3629; x_wconf 85' lang='lat' dir='ltr'>alterum</span> <span class='ocrx_word' id='word_1_225' title='bbox 1037 3579 1158 3646; x_wconf 88' lang='lat' dir='ltr'>quoque</span> <span class='ocrx_word' id='word_1_226' title='bbox 1181 3562 1296 3628; x_wconf 90' lang='lat' dir='ltr'>locum</span> <span class='ocrx_word' id='word_1_227' title='bbox 1390 3635 1394 3644; x_wconf 50' lang='grc'><strong>,</strong></span> 
     </span>
    </p>
   </div>
   <div class='ocr_carea' id='block_1_8' title="bbox 94 3663 1335 4543">
    <p class='ocr_par' dir='ltr' id='par_1_11' title="bbox 94 3663 1287 3958">
     <span class='ocr_line' id='line_1_31' title="bbox 95 3663 1287 3753; baseline -0.001 -21"><span class='ocrx_word' id='word_1_228' title='bbox 95 3667 322 3736; x_wconf 83' lang='lat' dir='ltr'>Lucretianum</span> <span class='ocrx_word' id='word_1_229' title='bbox 356 3668 506 3751; x_wconf 90' lang='lat' dir='ltr'>inspiciat</span> <span class='ocrx_word' id='word_1_230' title='bbox 539 3668 643 3747; x_wconf 88' lang='lat' dir='ltr'>velim,</span> <span class='ocrx_word' id='word_1_231' title='bbox 678 3687 770 3753; x_wconf 91' lang='lat' dir='ltr'>quem</span> <span class='ocrx_word' id='word_1_232' title='bbox 802 3685 864 3733; x_wconf 93' lang='lat' dir='ltr'>non</span> <span class='ocrx_word' id='word_1_233' title='bbox 897 3666 1001 3732; x_wconf 92' lang='lat' dir='ltr'>minus</span> <span class='ocrx_word' id='word_1_234' title='bbox 1024 3663 1180 3732; x_wconf 87' lang='lat' dir='ltr'>Nasonem</span> <span class='ocrx_word' id='word_1_235' title='bbox 1211 3667 1287 3732; x_wconf 92' lang='lat' dir='ltr'>ante</span> 
     </span>
     <span class='ocr_line' id='line_1_32' title="bbox 94 3767 1285 3852; baseline -0.002 -17"><span class='ocrx_word' id='word_1_236' title='bbox 94 3772 203 3838; x_wconf 89' lang='lat' dir='ltr'>oeulos</span> <span class='ocrx_word' id='word_1_237' title='bbox 215 3771 359 3838; x_wconf 88' lang='lat' dir='ltr'>habuisse</span> <span class='ocrx_word' id='word_1_238' title='bbox 371 3773 568 3838; x_wconf 85' lang='lat' dir='ltr'>contendam.</span> <span class='ocrx_word' id='word_1_239' title='bbox 583 3771 616 3837; x_wconf 93' lang='lat' dir='ltr'>in</span> <span class='ocrx_word' id='word_1_240' title='bbox 629 3770 736 3836; x_wconf 89' lang='lat' dir='ltr'>eodem</span> <span class='ocrx_word' id='word_1_241' title='bbox 749 3771 833 3836; x_wconf 92' lang='lat' dir='ltr'>enim</span> <span class='ocrx_word' id='word_1_242' title='bbox 848 3769 988 3836; x_wconf 86' lang='lat' dir='ltr'>Lucretii</span> <span class='ocrx_word' id='word_1_243' title='bbox 1002 3769 1084 3836; x_wconf 90' lang='lat' dir='ltr'>libro</span> <span class='ocrx_word' id='word_1_244' title='bbox 1096 3789 1126 3835; x_wconf 81' lang='lat' dir='ltr'>a.</span> <span class='ocrx_word' id='word_1_245' title='bbox 1139 3767 1204 3834; x_wconf 80' lang='lat'>962</span> <span class='ocrx_word' id='word_1_246' title='bbox 1216 3787 1285 3852; x_wconf 88' lang='lat' dir='ltr'>sqq.</span> 
     </span>
     <span class='ocr_line' id='line_1_33' title="bbox 94 3872 359 3958; baseline 0.004 -19"><span class='ocrx_word' id='word_1_247' title='bbox 94 3872 174 3941; x_wconf 88' lang='lat' dir='ltr'>haec</span> <span class='ocrx_word' id='word_1_248' title='bbox 195 3876 359 3958; x_wconf 88' lang='lat' dir='ltr'>leguntur:</span> 
     </span>
    </p>

    <p class='ocr_par' dir='ltr' id='par_1_12' title="bbox 297 3993 991 4064">
     <span class='ocr_line' id='line_1_34' title="bbox 297 3993 991 4064; baseline -0.003 -16"><span class='ocrx_word' id='word_1_249' title='bbox 297 3994 441 4063; x_wconf 73' lang='lat' dir='ltr'>puucipu</span> <span class='ocrx_word' id='word_1_250' title='bbox 459 4000 563 4048; x_wconf 86' lang='lat' dir='ltr'>terram</span> <span class='ocrx_word' id='word_1_251' title='bbox 578 3994 620 4049; x_wconf 87' lang='lat' dir='ltr'>eol</span> <span class='ocrx_word' id='word_1_252' title='bbox 637 3993 788 4064; x_wconf 75' lang='lat' dir='ltr'>exquoquit</span> <span class='ocrx_word' id='word_1_253' title='bbox 806 3999 832 4048; x_wconf 87' lang='lat' dir='ltr'>et</span> <span class='ocrx_word' id='word_1_254' title='bbox 848 3993 918 4059; x_wconf 78' lang='lat' dir='ltr'>facit</span> <span class='ocrx_word' id='word_1_255' title='bbox 935 4007 991 4059; x_wconf 84' lang='lat' dir='ltr'>are,</span> 
     </span>
    </p>

    <p class='ocr_par' dir='ltr' id='par_1_13' title="bbox 303 4078 983 4150">
     <span class='ocr_line' id='line_1_35' title="bbox 303 4078 983 4150; baseline -0.003 -16"><span class='ocrx_word' id='word_1_256' title='bbox 303 4086 333 4134; x_wconf 89' lang='lat' dir='ltr'>at</span> <span class='ocrx_word' id='word_1_257' title='bbox 350 4080 466 4150; x_wconf 83' lang='lat' dir='ltr'>qlaciem</span> <span class='ocrx_word' id='word_1_258' title='bbox 483 4079 608 4136; x_wconf 76' lang='lat' dir='ltr'>dissoluit</span> <span class='ocrx_word' id='word_1_259' title='bbox 626 4085 653 4134; x_wconf 90' lang='lat' dir='ltr'>et</span> <span class='ocrx_word' id='word_1_260' title='bbox 671 4079 737 4134; x_wconf 78' lang='lat' dir='ltr'>attia</span> <span class='ocrx_word' id='word_1_261' title='bbox 753 4078 892 4133; x_wconf 68' lang='lat' dir='ltr'>maubbua</span> <span class='ocrx_word' id='word_1_262' title='bbox 910 4078 983 4132; x_wconf 85' lang='lat' dir='ltr'>altae</span> 
     </span>
    </p>

    <p class='ocr_par' dir='ltr' id='par_1_14' title="bbox 304 4166 958 4235">
     <span class='ocr_line' id='line_1_36' title="bbox 304 4166 958 4235; baseline -0.005 -15"><span class='ocrx_word' id='word_1_263' title='bbox 304 4171 499 4235; x_wconf 80' lang='lat' dir='ltr'>eatructaeque</span> <span class='ocrx_word' id='word_1_264' title='bbox 518 4166 595 4222; x_wconf 83' lang='lat' dir='ltr'>utaea</span> <span class='ocrx_word' id='word_1_265' title='bbox 613 4166 702 4221; x_wconf 78' lang='lat' dir='ltr'>radiis</span> <span class='ocrx_word' id='word_1_266' title='bbox 719 4166 855 4221; x_wconf 81' lang='lat' dir='ltr'>tabescere</span> <span class='ocrx_word' id='word_1_267' title='bbox 874 4166 958 4235; x_wconf 78' lang='lat' dir='ltr'>coqe&#39;tr</span> 
     </span>
    </p>

    <p class='ocr_par' dir='ltr' id='par_1_15' title="bbox 94 4249 1335 4543">
     <span class='ocr_line' id='line_1_37' title="bbox 303 4249 1335 4330; baseline -0.002 -22"><span class='ocrx_word' id='word_1_268' title='bbox 303 4249 423 4322; x_wconf 72' lang='lat' dir='ltr'>dentque</span> <span class='ocrx_word' id='word_1_269' title='bbox 441 4268 505 4308; x_wconf 88' lang='lat' dir='ltr'>cera</span> <span class='ocrx_word' id='word_1_270' title='bbox 523 4252 596 4322; x_wconf 80' lang='lat' dir='ltr'>lique</span> <span class='ocrx_word' id='word_1_271' title='bbox 613 4252 647 4320; x_wconf 72' lang='lat' dir='ltr'>ur</span> <span class='ocrx_word' id='word_1_272' title='bbox 663 4253 696 4306; x_wconf 80' lang='lat' dir='ltr'>iu</span> <span class='ocrx_word' id='word_1_273' title='bbox 714 4252 773 4306; x_wconf 80' lang='lat' dir='ltr'>eirca</span> <span class='ocrx_word' id='word_1_274' title='bbox 786 4257 870 4321; x_wconf 82' lang='lat' dir='ltr'>poeta</span> <span class='ocrx_word' id='word_1_275' title='bbox 887 4266 997 4320; x_wconf 83' lang='lat' dir='ltr'>uapore.</span> <span class='ocrx_word' id='word_1_276' title='bbox 1331 4323 1335 4330; x_wconf 20' lang='grc' dir='ltr'>ι</span> 
     </span>
     <span class='ocr_line' id='line_1_38' title="bbox 94 4351 1286 4443; baseline -0.003 -19"><span class='ocrx_word' id='word_1_277' title='bbox 94 4358 207 4443; x_wconf 88' lang='lat' dir='ltr'>quibus</span> <span class='ocrx_word' id='word_1_278' title='bbox 229 4358 369 4424; x_wconf 87' lang='lat' dir='ltr'>versibus</span> <span class='ocrx_word' id='word_1_279' title='bbox 393 4358 443 4423; x_wconf 87' lang='lat' dir='ltr'>vel</span> <span class='ocrx_word' id='word_1_280' title='bbox 469 4356 570 4422; x_wconf 88' lang='lat' dir='ltr'>obiter</span> <span class='ocrx_word' id='word_1_281' title='bbox 586 4357 734 4440; x_wconf 87' lang='lat' dir='ltr'>inspectis</span> <span class='ocrx_word' id='word_1_282' title='bbox 750 4356 842 4423; x_wconf 86' lang='lat' dir='ltr'>facile</span> <span class='ocrx_word' id='word_1_283' title='bbox 858 4355 917 4421; x_wconf 90' lang='lat' dir='ltr'>tibi</span> <span class='ocrx_word' id='word_1_284' title='bbox 931 4354 1119 4439; x_wconf 90' lang='lat' dir='ltr'>persuadeas</span> <span class='ocrx_word' id='word_1_285' title='bbox 1137 4351 1286 4442; x_wconf 85' lang='lat' dir='ltr'>Ovidium</span> 
     </span>
     <span class='ocr_line' id='line_1_39' title="bbox 95 4457 1288 4543; baseline -0.004 -16"><span class='ocrx_word' id='word_1_286' title='bbox 95 4462 154 4528; x_wconf 91' lang='lat' dir='ltr'>hoo</span> <span class='ocrx_word' id='word_1_287' title='bbox 177 4461 244 4530; x_wconf 89' lang='lat' dir='ltr'>loco</span> <span class='ocrx_word' id='word_1_288' title='bbox 266 4460 453 4526; x_wconf 84' lang='lat' dir='ltr'>Lucretiano</span> <span class='ocrx_word' id='word_1_289' title='bbox 489 4462 660 4526; x_wconf 79' lang='lat' dir='ltr'>excitatum</span> <span class='ocrx_word' id='word_1_290' title='bbox 685 4478 761 4538; x_wconf 91' lang='lat' dir='ltr'>esse,</span> <span class='ocrx_word' id='word_1_291' title='bbox 795 4463 831 4526; x_wconf 89' lang='lat' dir='ltr'>ut</span> <span class='ocrx_word' id='word_1_292' title='bbox 853 4459 1025 4543; x_wconf 87' lang='lat' dir='ltr'>imaginem</span> <span class='ocrx_word' id='word_1_293' title='bbox 1060 4457 1099 4524; x_wconf 93' lang='lat' dir='ltr'>de</span> <span class='ocrx_word' id='word_1_294' title='bbox 1121 4476 1191 4524; x_wconf 86' lang='lat' dir='ltr'>cera</span> <span class='ocrx_word' id='word_1_295' title='bbox 1214 4475 1288 4524; x_wconf 88' lang='lat' dir='ltr'>cnm</span> 
     </span>
    </p>
   </div>
   <div class='ocr_carea' id='block_1_9' title="bbox 94 4560 1288 4647">
    <p class='ocr_par' dir='ltr' id='par_1_16' title="bbox 94 4560 1288 4647">
     <span class='ocr_line' id='line_1_40' title="bbox 94 4560 1288 4647; baseline -0.003 -17"><span class='ocrx_word' id='word_1_296' title='bbox 94 4561 305 4630; x_wconf 88' lang='lat' dir='ltr'>similitudine</span> <span class='ocrx_word' id='word_1_297' title='bbox 329 4581 345 4628; x_wconf 91' lang='lat' dir='ltr'>e</span> <span class='ocrx_word' id='word_1_298' title='bbox 366 4563 481 4647; x_wconf 90' lang='lat' dir='ltr'>pruina</span> <span class='ocrx_word' id='word_1_299' title='bbox 496 4563 732 4629; x_wconf 88' lang='lat' dir='ltr'>remollescente</span> <span class='ocrx_word' id='word_1_300' title='bbox 749 4564 933 4646; x_wconf 88' lang='lat' dir='ltr'>deprompta</span> <span class='ocrx_word' id='word_1_301' title='bbox 949 4560 1162 4646; x_wconf 85' lang='lat' dir='ltr'>eoniungeret.</span> <span class='ocrx_word' id='word_1_302' title='bbox 1187 4578 1288 4643; x_wconf 88' lang='lat' dir='ltr'>neque</span> 
     </span>
    </p>
   </div>
   <div class='ocr_carea' id='block_1_10' title="bbox 0 0 1688 5132">
    <p class='ocr_par' dir='ltr' id='par_1_17' title="bbox 0 0 1688 5132">
     <span class='ocr_line' id='line_1_41' title="bbox 0 0 1688 5132; baseline 0 0"><span class='ocrx_word' id='word_1_303' title='bbox 0 0 1688 5132; x_wconf 95' lang='lat' dir='ltr'> </span> 
     </span>
    </p>
   </div>
  </div>
 </body>
</html>
