3370 5134
804 499 1040 566 -176-

331 686 476 753 cissimae
510 689 693 771 plerumque
727 691 821 773 atque
854 689 900 754 ita
936 691 1149 771 comparatae,
1184 693 1221 756 ut
1243 690 1326 754 haud
1349 691 1519 773 qumquam

334 790 453 873 proprii
475 792 507 856 et
529 792 692 873 pecularis
714 792 748 857 in
771 793 815 857 eis
829 790 1016 858 inveniatur.
1041 811 1133 877 quam
1157 794 1195 858 oh
1212 813 1278 859 rem
1295 795 1372 858 duas
1388 795 1520 858 tantum

330 893 390 958 hoc
413 894 478 960 loco
500 912 680 978 proponam,
704 895 779 961 Met.
803 896 883 960 VIII
906 896 971 960 470
994 914 1078 979 sqq.:

949 1003 1033 1066 utque
1051 999 1157 1064 carium

536 1097 619 1152 qaum
636 1088 734 1137 acutas
752 1089 885 1152 acutoque
901 1085 980 1152 rupit
997 1084 1156 1138 contrarius
1174 1090 1272 1152 uestros,

534 1169 588 1222 ctm
605 1168 742 1237 pemiuam
759 1169 843 1222 scutit
856 1174 993 1237 paretque
1010 1170 1117 1223 lacerto
1137 1169 1255 1224 duobus:

519 1253 663 1308 'Hostias
679 1253 755 1307 haud
772 1255 852 1309 aliter
870 1253 960 1308 dubiis
977 1255 1119 1321 affectibus
1138 1260 1221 1320 errat,

530 1355 636 1408 perque
653 1339 723 1393 uices
736 1340 818 1408 pouit
831 1340 1003 1409 positamque
1021 1341 1165 1395 resuscitat
1182 1341 1261 1406 mom,

329 1428 362 1492 et
383 1429 455 1494 Am.
477 1427 508 1490 Il
532 1425 582 1504 10,
606 1427 625 1490 9
648 1445 710 1508 sq.:

534 1535 638 1594 errori,
656 1534 687 1583 ut
704 1530 792 1584 scotta
810 1528 982 1584 discordibus
1000 1535 1062 1583 octa
1076 1529 1211 1598 phaselos,

587 1615 784 1686 acutarumque
802 1621 899 1670 teuent
916 1617 988 1670 alter
1006 1621 1032 1669 ct
1051 1617 1121 1670 atter
1139 1632 1224 1670 amor.

330 1721 459 1803 ceteras,
475 1722 550 1787 Am.
567 1718 645 1804 119,
662 1721 703 1786 31
720 1739 776 1802 sq,
793 1721 870 1785 Met.
888 1720 1024 1802 111706,
1051 1720 1132 1785 XIII
1148 1721 1211 1787 366
1227 1739 1283 1803 sq,
1308 1722 1401 1786 Trist.
1414 1720 1448 1785 II
1462 1721 1514 1795 18,

326 1825 393 1907 ipse
404 1823 499 1888 velim
512 1824 657 1889 conferas
681 1841 742 1906 quo
753 1826 822 1889 loco
834 1825 932 1890 facere
949 1843 1010 1889 non
1027 1842 1161 1906 possum,
1176 1826 1250 1906 quic
1265 1843 1518 1890 commemorem

328 1925 475 1992 Ovidium
497 1926 671 1994 innumeris
705 1928 770 1993 fere
791 1928 870 1994 locis
905 1929 987 1994 vitae
1010 1946 1136 1993 cursum
1158 1928 1349 2010 metaphoris
1384 1930 1513 1994 anari-

327 2031 453 2110 gatione
477 2031 666 2113 depromptis
688 2031 930 2113 adumbrarisse,
954 2032 1065 2114 quibus
1088 2031 1121 2095 in
1137 2031 1398 2097 translationibus
1420 2030 1513 2096 adhi-

327 2134 433 2199 bendis
455 2134 519 2198 iam
537 2134 592 2199 alii
614 2135 814 2217 praeiverunt
836 2141 955 2219 poetae,
978 2135 1010 2200 in
1034 2135 1146 2218 primIs
1168 2135 1346 2218 Euripides,
1370 2136 1457 2200 cuius
1479 2135 1512 2200 in

327 2236 495 2319 tragoediIs
518 2236 655 2318 plurIma
677 2237 743 2302 eius
759 2255 833 2302 usus
857 2239 998 2321 exempla
1019 2238 1229 2320 reperiuntur.

430 2337 490 2404 Sed
513 2341 577 2404 iam
601 2340 641 2405 ad
657 2339 883 2406 similitudines
900 2360 916 2406 e
932 2342 1024 2406 rebus
1040 2341 1232 2424 militaribus
1248 2341 1366 2423 petitas
1380 2355 1515 2423 pregre--

327 2442 460 2524 diamur,
487 2461 565 2524 quae
590 2447 621 2507 et
643 2444 728 2526 ipsae
752 2444 1007 2526 simplIcissimae
1031 2450 1103 2510 sunt
1125 2462 1182 2508 nec
1208 2444 1328 2509 'multis
1364 2443 1509 2508 artificiis

326 2552 462 2628 ornatae,
485 2545 584 2612 veluti
607 2566 652 2626 ea,
676 2566 712 2612 ex
727 2565 790 2630 qua
803 2549 879 2614 Met.
895 2549 941 2612 IV
956 2550 1018 2614 517
1036 2567 1080 2632 sq.
1098 2549 1324 2614 Athamantem
1339 2547 1509 2612 Learchum

326 2651 427 2715 filium
450 2669 542 2715 suum
565 2650 614 2716 bis
638 2654 722 2716 terve
755 2670 810 2735 per
833 2669 903 2717 aras
939 2651 1033 2716 ‘more
1055 2651 1178 2716 fundae’
1214 2656 1333 2717 rotasse
1355 2649 1514 2729 narratur,

327 2754 377 2818 vel
411 2772 489 2834 quae
524 2755 554 2818 te
577 2754 741 2818 tormentis
776 2773 812 2820 ac
846 2755 1001 2819 machinIs
1035 2756 1215 2840 desumptae
1250 2756 1324 2819 sunt
1356 2755 1514 2836 imagiues-

324 2858 402 2922 Met.
428 2856 505 2920 VIII
527 2855 589 2922 357
613 2875 689 2939 sqq,
714 2857 759 2922 IX
782 2857 854 2935 218,
877 2858 925 2923 XI
947 2856 1010 2922 508
1027 2876 1083 2940 sq,
1100 2859 1196 2923 Trist.
1213 2857 1273 2933 12,
1289 2857 1341 2922 48.
1364 2856 1505 2939 itemque

324 2963 352 3026 si
373 2966 463 3043 poeta
484 2959 561 3024 Met.
585 2961 667 3024 Vlll
690 2960 754 3026 285
776 2963 877 3026 saetas
901 2961 978 3044 apri,
1002 2961 1055 3045 qui
1079 2959 1266 3046 Calydoniae
1289 2978 1380 3042 agros
1403 2963 1508 3024 vasta·

325 3067 380 3142 vit,
404 3064 524 3130 similes
547 3063 644 3128 fuisse
667 3064 745 3128 dIcit
767 3064 935 3130 hastilibus
959 3064 1069 3146 rigidis
1092 3068 1123 3129 et
1139 3064 1214 3129 Met.
1234 3064 1279 3127 VI
1295 3062 1357 3126 673
1373 3065 1507 3128 rostrum

325 3169 431 3250 epopis
454 3167 575 3232 confert
610 3186 680 3231 cum
709 3167 802 3250 longa
834 3167 973 3251 cuspide,
1010 3169 1091 3232 tales
1124 3167 1277 3250 imagines
1311 3166 1511 3250 pervolgatas

325 3273 422 3337 fuisse
444 3271 536 3337 facile
559 3271 766 3355 intellegitur.
1378 3351 1381 3360 .

427 3375 577 3441 Maiorem
601 3393 675 3457 prae
698 3392 730 3438 sc
753 3373 859 3439 ferunt
882 3376 1029 3439 ornatum
1051 3373 1108 3438 hae
1131 3373 1283 3454 Imagines
1307 3389 1324 3436 a
1347 3371 1507 3437 milltibus

325 3479 480 3546 tironibus
503 3480 660 3561 profectae
684 3495 719 3541 ex
741 3477 775 3542 P.
803 3476 904 3548 [114.
928 3477 968 3541 31
994 3495 1055 3560 sq.:

528 3587 637 3649 tumque
655 3596 701 3648 epo
718 3579 892 3646 sumpsissem
909 3578 960 3633 tart
978 3580 1094 3650 clausura
1112 3579 1238 3648 ciperem,

582 3683 664 3735 quoru
681 3664 762 3719 rudis
779 3663 878 3718 audita
895 3665 972 3718 miles
989 3665 1067 3719 miles
1084 3663 1122 3718 od
1140 3680 1219 3717 arma
1236 3663 1312 3728 tubo,

324 3757 596 3838 mfflssfflc

529 3861 611 3924 utque
624 3855 697 3924 petet
710 3854 802 3922 prtruo
816 3854 933 3921 plenam
950 3853 1078 3921 floreatis
1095 3868 1199 3906 arcane

580 3939 706 3995 noudum
723 3939 837 4005 calfacti
854 3940 949 3993 utilitia
966 3940 1047 3992 hasta
1064 3938 1165 3992 solam:

528 4028 568 4082 se'c
587 4042 635 4096 opo
653 4032 679 4080 tc
697 4026 821 4080 noudum
839 4023 915 4089 scrro
933 4025 1075 4080 iaculabor
1093 4028 1183 4091 acuto,

575 4114 708 4182 pretioue
725 4113 845 4168 samsom
862 4128 911 4167 uec
925 4117 1000 4181 perer
1016 4112 1096 4166 husto
1114 4116 1207 4179 caput,

322 4219 506 4304 quibuscum
541 4217 684 4294 contendi
715 4223 844 4301 possunt
877 4217 1046 4300 imagines,
1080 4235 1159 4298 quae
1192 4217 1298 4280 extant
1325 4177 1402 4278 Mer.
1426 4209 1510 4278 XIII

324 4325 386 4390 367
411 4342 456 4407 sq.
481 4323 513 4389 et
536 4323 631 4387 Trist.
656 4321 690 4384 II
715 4323 767 4386 17.

425 4426 493 4492 lam
515 4443 586 4491 vero
610 4443 687 4508 quae
710 4425 830 4506 reliqua
852 4428 926 4489 sunt
958 4443 1049 4507 quam
1073 4421 1256 4488 brevissime
1283 4419 1504 4504 transigamus.

323 4530 502 4613 imaginem,
526 4547 588 4612 qua
610 4529 685 4593 Met.
708 4529 739 4593 X
761 4527 825 4593 515
848 4546 902 4618 sq..
918 4527 1070 4593 Adonidis
1093 4527 1193 4592 forma
1217 4526 1413 4606 comparatur
1435 4541 1509 4588 cum
