<?xml version="1.0" encoding="UTF-8"?>
<!DOCTYPE html PUBLIC "-//W3C//DTD XHTML 1.0 Transitional//EN"
    "http://www.w3.org/TR/xhtml1/DTD/xhtml1-transitional.dtd">
<html xmlns="http://www.w3.org/1999/xhtml" xml:lang="en" lang="en">
 <head>
  <title>
</title>
<meta http-equiv="Content-Type" content="text/html;charset=utf-8" />
  <meta name='ocr-system' content='tesseract 3.04.00' />
  <meta name='ocr-capabilities' content='ocr_page ocr_carea ocr_par ocr_line ocrx_word'/>
</head>
<body>
  <div class='ocr_page' id='page_1' title='image "./desimilitudinib00washgoog_0116.png"; bbox 0 0 3370 5134; ppageno 0'>
   <div class='ocr_carea' id='block_1_1' title="bbox 626 489 861 556">
    <p class='ocr_par' dir='ltr' id='par_1_1' title="bbox 626 489 861 556">
     <span class='ocr_line' id='line_1_1' title="bbox 626 489 861 556; baseline -0.009 0"><span class='ocrx_word' id='word_1_1' title='bbox 626 489 861 556; x_wconf 86' lang='lat'>-103-</span> 
     </span>
    </p>
   </div>
   <div class='ocr_carea' id='block_1_2' title="bbox 81 676 1336 1795">
    <p class='ocr_par' dir='ltr' id='par_1_2' title="bbox 81 676 1336 1795">
     <span class='ocr_line' id='line_1_2' title="bbox 148 676 1335 762; baseline 0.003 -21"><span class='ocrx_word' id='word_1_2' title='bbox 148 677 310 746; x_wconf 91' lang='lat' dir='ltr'><strong>Vahlouus</strong></span> <span class='ocrx_word' id='word_1_3' title='bbox 334 681 454 758; x_wconf 90' lang='lat' dir='ltr'><strong>quaest.</strong></span> <span class='ocrx_word' id='word_1_4' title='bbox 480 677 558 743; x_wconf 82' lang='lat' dir='ltr'><strong>Eun.</strong></span> <span class='ocrx_word' id='word_1_5' title='bbox 581 676 714 742; x_wconf 80' lang='lat' dir='ltr'>LXXIV</span> <span class='ocrx_word' id='word_1_6' title='bbox 738 695 771 742; x_wconf 88' lang='lat' dir='ltr'><strong>so</strong></span> <span class='ocrx_word' id='word_1_7' title='bbox 795 678 875 742; x_wconf 89' lang='lat' dir='ltr'>nihil</span> <span class='ocrx_word' id='word_1_8' title='bbox 902 678 1017 744; x_wconf 89' lang='lat' dir='ltr'><strong>certius</strong></span> <span class='ocrx_word' id='word_1_9' title='bbox 1033 677 1240 760; x_wconf 77' lang='lat' dir='ltr'><strong>investigasse</strong></span> <span class='ocrx_word' id='word_1_10' title='bbox 1263 699 1335 762; x_wconf 92' lang='lat' dir='ltr'><strong>pro·</strong></span> 
     </span>
     <span class='ocr_line' id='line_1_3' title="bbox 147 780 1333 864; baseline 0.003 -20"><span class='ocrx_word' id='word_1_11' title='bbox 147 780 267 846; x_wconf 88' lang='lat' dir='ltr'><strong>fitetur.</strong></span> <span class='ocrx_word' id='word_1_12' title='bbox 292 799 390 863; x_wconf 90' lang='lat' dir='ltr'><strong>neque</strong></span> <span class='ocrx_word' id='word_1_13' title='bbox 414 799 487 845; x_wconf 91' lang='lat' dir='ltr'><strong>vero</strong></span> <span class='ocrx_word' id='word_1_14' title='bbox 509 798 564 864; x_wconf 89' lang='lat' dir='ltr'><strong>ogo</strong></span> <span class='ocrx_word' id='word_1_15' title='bbox 588 781 626 844; x_wconf 89' lang='lat' dir='ltr'><strong>do</strong></span> <span class='ocrx_word' id='word_1_16' title='bbox 650 799 686 843; x_wconf 90' lang='lat' dir='ltr'><strong>ea</strong></span> <span class='ocrx_word' id='word_1_17' title='bbox 707 781 922 863; x_wconf 80' lang='lat' dir='ltr'><strong>nequicquam</strong></span> <span class='ocrx_word' id='word_1_18' title='bbox 945 785 1084 846; x_wconf 80' lang='lat' dir='ltr'><strong>statuere</strong></span> <span class='ocrx_word' id='word_1_19' title='bbox 1108 800 1201 846; x_wconf 88' lang='lat' dir='ltr'><strong>ausus</strong></span> <span class='ocrx_word' id='word_1_20' title='bbox 1224 801 1333 862; x_wconf 87' lang='lat' dir='ltr'><strong>essem,</strong></span> 
     </span>
     <span class='ocr_line' id='line_1_4' title="bbox 147 882 1336 967; baseline 0.001 -20"><span class='ocrx_word' id='word_1_21' title='bbox 147 883 210 947; x_wconf 87' lang='lat' dir='ltr'><strong>uisi</strong></span> <span class='ocrx_word' id='word_1_22' title='bbox 235 883 360 965; x_wconf 91' lang='lat' dir='ltr'><strong>penitus</strong></span> <span class='ocrx_word' id='word_1_23' title='bbox 383 883 461 947; x_wconf 93' lang='lat' dir='ltr'><strong>mihi</strong></span> <span class='ocrx_word' id='word_1_24' title='bbox 485 883 708 967; x_wconf 88' lang='lat' dir='ltr'><strong>persuasissem</strong></span> <span class='ocrx_word' id='word_1_25' title='bbox 724 883 862 948; x_wconf 79' lang='lat' dir='ltr'><strong>Ennium</strong></span> <span class='ocrx_word' id='word_1_26' title='bbox 886 882 943 950; x_wconf 91' lang='lat' dir='ltr'><strong>hoc</strong></span> <span class='ocrx_word' id='word_1_27' title='bbox 959 902 1051 948; x_wconf 89' lang='lat' dir='ltr'><strong>versu</strong></span> <span class='ocrx_word' id='word_1_28' title='bbox 1067 882 1240 950; x_wconf 88' lang='lat' dir='ltr'><strong>Homerum</strong></span> <span class='ocrx_word' id='word_1_29' title='bbox 1262 884 1336 950; x_wconf 92' lang='lat' dir='ltr'><strong>imi-</strong></span> 
     </span>
     <span class='ocr_line' id='line_1_5' title="bbox 147 986 1332 1070; baseline 0.002 -20"><span class='ocrx_word' id='word_1_30' title='bbox 147 989 254 1051; x_wconf 86' lang='lat' dir='ltr'><strong>tatum</strong></span> <span class='ocrx_word' id='word_1_31' title='bbox 278 989 460 1068; x_wconf 80' lang='lat' dir='ltr'><strong>essentque</strong></span> <span class='ocrx_word' id='word_1_32' title='bbox 495 986 596 1051; x_wconf 85' lang='lat' dir='ltr'><strong>verbis</strong></span> <span class='ocrx_word' id='word_1_33' title='bbox 629 988 775 1052; x_wconf 84' lang='lat' dir='ltr'><strong>extremis</strong></span> <span class='ocrx_word' id='word_1_34' title='bbox 814 986 1007 1052; x_wconf 84' lang='lat' dir='ltr'><strong>‘mortalibus</strong></span> <span class='ocrx_word' id='word_1_35' title='bbox 1042 1007 1119 1069; x_wconf 90' lang='lat' dir='ltr'><strong>qnae</strong></span> <span class='ocrx_word' id='word_1_36' title='bbox 1142 987 1332 1070; x_wconf 89' lang='lat' dir='ltr'><strong>perhibetur&#39;</strong></span> 
     </span>
     <span class='ocr_line' id='line_1_6' title="bbox 149 1090 1334 1176; baseline 0.002 -21"><span class='ocrx_word' id='word_1_37' title='bbox 149 1091 337 1172; x_wconf 85' lang='lat' dir='ltr'><strong>expressisse</strong></span> <span class='ocrx_word' id='word_1_38' title='bbox 371 1090 453 1155; x_wconf 93' lang='lat' dir='ltr'><strong>illud</strong></span> <span class='ocrx_word' id='word_1_39' title='bbox 487 1091 689 1156; x_wconf 84' lang='lat' dir='ltr'><strong>HomerIcum</strong></span> <span class='ocrx_word' id='word_1_40' title='bbox 725 1092 820 1170; x_wconf 80' lang='grc' dir='ltr'>τέρας</span> <span class='ocrx_word' id='word_1_41' title='bbox 850 1091 1002 1170; x_wconf 88' lang='grc' dir='ltr'>μερόπων</span> <span class='ocrx_word' id='word_1_42' title='bbox 1025 1090 1217 1171; x_wconf 86' lang='grc' dir='ltr'>ἀνθρώπων.</span> <span class='ocrx_word' id='word_1_43' title='bbox 1255 1111 1334 1176; x_wconf 91' lang='lat' dir='ltr'><strong>quae</strong></span> 
     </span>
     <span class='ocr_line' id='line_1_7' title="bbox 147 1189 1333 1276; baseline 0 -18"><span class='ocrx_word' id='word_1_44' title='bbox 147 1213 218 1258; x_wconf 89' lang='lat' dir='ltr'><strong>oum</strong></span> <span class='ocrx_word' id='word_1_45' title='bbox 242 1195 290 1258; x_wconf 89' lang='lat' dir='ltr'><strong>ita</strong></span> <span class='ocrx_word' id='word_1_46' title='bbox 312 1194 386 1269; x_wconf 88' lang='lat' dir='ltr'><strong>siut,</strong></span> <span class='ocrx_word' id='word_1_47' title='bbox 421 1197 558 1276; x_wconf 90' lang='lat' dir='ltr'><strong>suspicor</strong></span> <span class='ocrx_word' id='word_1_48' title='bbox 590 1212 646 1276; x_wconf 89' lang='lat' dir='ltr'><strong>pro</strong></span> <span class='ocrx_word' id='word_1_49' title='bbox 672 1193 743 1259; x_wconf 82' lang='lat' dir='ltr'><strong>‘ubi’</strong></span> <span class='ocrx_word' id='word_1_50' title='bbox 776 1193 977 1259; x_wconf 90' lang='lat' dir='ltr'><strong>scribendum</strong></span> <span class='ocrx_word' id='word_1_51' title='bbox 1012 1213 1077 1259; x_wconf 89' lang='lat' dir='ltr'><strong>osse</strong></span> <span class='ocrx_word' id='word_1_52' title='bbox 1109 1195 1175 1258; x_wconf 83' lang='lat' dir='ltr'><strong>‘uti&#39;</strong></span> <span class='ocrx_word' id='word_1_53' title='bbox 1205 1195 1254 1260; x_wconf 88' lang='lat' dir='ltr'><strong>vel</strong></span> <span class='ocrx_word' id='word_1_54' title='bbox 1275 1189 1333 1259; x_wconf 88' lang='lat' dir='ltr'><strong>‘ut&#39;</strong></span> 
     </span>
     <span class='ocr_line' id='line_1_8' title="bbox 147 1298 1333 1383; baseline 0.003 -21"><span class='ocrx_word' id='word_1_55' title='bbox 147 1299 242 1380; x_wconf 90' lang='lat' dir='ltr'><strong>atque</strong></span> <span class='ocrx_word' id='word_1_56' title='bbox 254 1298 392 1363; x_wconf 81' lang='lat' dir='ltr'><strong>lluuium</strong></span> <span class='ocrx_word' id='word_1_57' title='bbox 403 1299 534 1363; x_wconf 83' lang='lat' dir='ltr'><strong>Homeri</strong></span> <span class='ocrx_word' id='word_1_58' title='bbox 550 1299 727 1382; x_wconf 83' lang='lat' dir='ltr'><strong>exemplum</strong></span> <span class='ocrx_word' id='word_1_59' title='bbox 739 1303 880 1364; x_wconf 90' lang='lat' dir='ltr'><strong>secutum</strong></span> <span class='ocrx_word' id='word_1_60' title='bbox 896 1299 955 1364; x_wconf 89' lang='lat' dir='ltr'><strong>hac</strong></span> <span class='ocrx_word' id='word_1_61' title='bbox 970 1301 1108 1383; x_wconf 82' lang='lat' dir='ltr'><strong>imagine</strong></span> <span class='ocrx_word' id='word_1_62' title='bbox 1124 1302 1163 1366; x_wconf 92' lang='lat' dir='ltr'><strong>ad</strong></span> <span class='ocrx_word' id='word_1_63' title='bbox 1174 1301 1333 1366; x_wconf 91' lang='lat' dir='ltr'><strong>homiuem</strong></span> 
     </span>
     <span class='ocr_line' id='line_1_9' title="bbox 146 1402 1334 1486; baseline 0.002 -20"><span class='ocrx_word' id='word_1_64' title='bbox 146 1402 197 1466; x_wconf 88' lang='lat' dir='ltr'><strong>vel</strong></span> <span class='ocrx_word' id='word_1_65' title='bbox 221 1421 290 1466; x_wconf 85' lang='lat' dir='ltr'><strong>rem</strong></span> <span class='ocrx_word' id='word_1_66' title='bbox 306 1403 444 1486; x_wconf 91' lang='lat' dir='ltr'><strong>aliquam</strong></span> <span class='ocrx_word' id='word_1_67' title='bbox 462 1402 687 1466; x_wconf 87' lang='lat' dir='ltr'><strong>illustrandam</strong></span> <span class='ocrx_word' id='word_1_68' title='bbox 702 1420 794 1466; x_wconf 88' lang='lat' dir='ltr'><strong>usum</strong></span> <span class='ocrx_word' id='word_1_69' title='bbox 810 1421 887 1466; x_wconf 89' lang='lat' dir='ltr'><strong>esse.</strong></span> <span class='ocrx_word' id='word_1_70' title='bbox 911 1403 955 1466; x_wconf 91' lang='lat' dir='ltr'><strong>eis</strong></span> <span class='ocrx_word' id='word_1_71' title='bbox 971 1404 1076 1467; x_wconf 88' lang='lat' dir='ltr'><strong>autem</strong></span> <span class='ocrx_word' id='word_1_72' title='bbox 1093 1422 1171 1485; x_wconf 90' lang='lat' dir='ltr'><strong>quae</strong></span> <span class='ocrx_word' id='word_1_73' title='bbox 1186 1408 1334 1469; x_wconf 89' lang='lat' dir='ltr'><strong>secuntur</strong></span> 
     </span>
     <span class='ocr_line' id='line_1_10' title="bbox 81 1494 1332 1588; baseline 0.001 -18"><span class='ocrx_word' id='word_1_74' title='bbox 81 1536 87 1552; x_wconf 93' lang='lat'><strong>·</strong></span> <span class='ocrx_word' id='word_1_75' title='bbox 146 1498 345 1573; x_wconf 88' lang='lat' dir='ltr'><strong>‘mortalibus</strong></span> <span class='ocrx_word' id='word_1_76' title='bbox 368 1523 447 1588; x_wconf 90' lang='lat' dir='ltr'><strong>quae</strong></span> <span class='ocrx_word' id='word_1_77' title='bbox 470 1494 661 1587; x_wconf 75' lang='lat' dir='ltr'><strong>perhibetur&#39;</strong></span> <span class='ocrx_word' id='word_1_78' title='bbox 678 1523 740 1569; x_wconf 93' lang='lat' dir='ltr'><strong>nou</strong></span> <span class='ocrx_word' id='word_1_79' title='bbox 755 1506 913 1587; x_wconf 89' lang='lat' dir='ltr'><strong>integrum</strong></span> <span class='ocrx_word' id='word_1_80' title='bbox 930 1507 1106 1571; x_wconf 81' lang='lat' dir='ltr'><strong>continetur</strong></span> <span class='ocrx_word' id='word_1_81' title='bbox 1122 1507 1332 1588; x_wconf 86' lang='lat' dir='ltr'><strong>enuntiatum,</strong></span> 
     </span>
     <span class='ocr_line' id='line_1_11' title="bbox 148 1608 1333 1692; baseline 0.003 -20"><span class='ocrx_word' id='word_1_82' title='bbox 148 1609 203 1674; x_wconf 89' lang='lat' dir='ltr'><strong>sed</strong></span> <span class='ocrx_word' id='word_1_83' title='bbox 226 1609 260 1673; x_wconf 92' lang='lat' dir='ltr'><strong>in</strong></span> <span class='ocrx_word' id='word_1_84' title='bbox 285 1628 384 1688; x_wconf 85' lang='lat' dir='ltr'><strong>versu,</strong></span> <span class='ocrx_word' id='word_1_85' title='bbox 409 1609 463 1691; x_wconf 91' lang='lat' dir='ltr'><strong>qui</strong></span> <span class='ocrx_word' id='word_1_86' title='bbox 486 1609 683 1691; x_wconf 88' lang='lat' dir='ltr'><strong>sequebatur,</strong></span> <span class='ocrx_word' id='word_1_87' title='bbox 707 1608 809 1673; x_wconf 88' lang='lat' dir='ltr'><strong>‘omen</strong></span> <span class='ocrx_word' id='word_1_88' title='bbox 826 1609 902 1674; x_wconf 90' lang='lat' dir='ltr'><strong>esse’</strong></span> <span class='ocrx_word' id='word_1_89' title='bbox 930 1609 980 1674; x_wconf 90' lang='lat' dir='ltr'><strong>vel</strong></span> <span class='ocrx_word' id='word_1_90' title='bbox 996 1610 1098 1675; x_wconf 92' lang='lat' dir='ltr'><strong>similo</strong></span> <span class='ocrx_word' id='word_1_91' title='bbox 1114 1611 1189 1692; x_wconf 92' lang='lat' dir='ltr'><strong>quid</strong></span> <span class='ocrx_word' id='word_1_92' title='bbox 1204 1612 1333 1676; x_wconf 91' lang='lat' dir='ltr'><strong>adiunc-</strong></span> 
     </span>
     <span class='ocr_line' id='line_1_12' title="bbox 148 1714 962 1795; baseline 0.004 -19"><span class='ocrx_word' id='word_1_93' title='bbox 148 1714 218 1777; x_wconf 93' lang='lat' dir='ltr'><strong>tum</strong></span> <span class='ocrx_word' id='word_1_94' title='bbox 242 1716 318 1790; x_wconf 80' lang='lat' dir='ltr'><strong>orat,</strong></span> <span class='ocrx_word' id='word_1_95' title='bbox 342 1715 424 1795; x_wconf 92' lang='lat' dir='ltr'><strong>quod</strong></span> <span class='ocrx_word' id='word_1_96' title='bbox 447 1715 644 1795; x_wconf 84' lang='lat' dir='ltr'><strong>responderet</strong></span> <span class='ocrx_word' id='word_1_97' title='bbox 667 1714 833 1778; x_wconf 88' lang='lat' dir='ltr'><strong>Homerico</strong></span> <span class='ocrx_word' id='word_1_98' title='bbox 857 1715 962 1793; x_wconf 81' lang='grc' dir='ltr'><strong>τέρας.</strong></span> 
     </span>
    </p>
   </div>
   <div class='ocr_carea' id='block_1_3' title="bbox 92 1832 1335 2332">
    <p class='ocr_par' dir='ltr' id='par_1_3' title="bbox 92 1832 1335 2332">
     <span class='ocr_line' id='line_1_13' title="bbox 253 1832 1335 1918; baseline 0.004 -22"><span class='ocrx_word' id='word_1_99' title='bbox 253 1832 351 1898; x_wconf 88' lang='lat' dir='ltr'><strong>Venio</strong></span> <span class='ocrx_word' id='word_1_100' title='bbox 384 1835 423 1898; x_wconf 88' lang='lat' dir='ltr'><strong>ad</strong></span> <span class='ocrx_word' id='word_1_101' title='bbox 445 1833 613 1918; x_wconf 86' lang='lat' dir='ltr'><strong>imaginem</strong></span> <span class='ocrx_word' id='word_1_102' title='bbox 650 1834 820 1900; x_wconf 90' lang='lat' dir='ltr'><strong>oiulmine</strong></span> <span class='ocrx_word' id='word_1_103' title='bbox 847 1835 996 1917; x_wconf 85' lang='lat' dir='ltr'><strong>petitam,</strong></span> <span class='ocrx_word' id='word_1_104' title='bbox 1032 1853 1142 1917; x_wconf 86' lang='lat' dir='ltr'><strong>quam,</strong></span> <span class='ocrx_word' id='word_1_105' title='bbox 1177 1855 1247 1900; x_wconf 92' lang='lat' dir='ltr'><strong>cum</strong></span> <span class='ocrx_word' id='word_1_106' title='bbox 1271 1837 1335 1901; x_wconf 91' lang='lat' dir='ltr'><strong>iam</strong></span> 
     </span>
     <span class='ocr_line' id='line_1_14' title="bbox 149 1936 1334 2028; baseline 0.001 -25"><span class='ocrx_word' id='word_1_107' title='bbox 149 1936 332 2020; x_wconf 89' lang='lat' dir='ltr'><strong>Zingerleus</strong></span> <span class='ocrx_word' id='word_1_108' title='bbox 355 1939 387 2028; x_wconf 85' lang='lat' dir='ltr'><strong>II</strong></span> <span class='ocrx_word' id='word_1_109' title='bbox 412 1937 452 2002; x_wconf 82' lang='lat'><strong>15</strong></span> <span class='ocrx_word' id='word_1_110' title='bbox 475 1941 512 2003; x_wconf 92' lang='lat' dir='ltr'><strong>de</strong></span> <span class='ocrx_word' id='word_1_111' title='bbox 536 1959 572 2003; x_wconf 92' lang='lat' dir='ltr'><strong>ea</strong></span> <span class='ocrx_word' id='word_1_112' title='bbox 595 1959 627 2002; x_wconf 92' lang='lat' dir='ltr'><strong>re</strong></span> <span class='ocrx_word' id='word_1_113' title='bbox 650 1941 727 2004; x_wconf 90' lang='lat' dir='ltr'><strong>bene</strong></span> <span class='ocrx_word' id='word_1_114' title='bbox 743 1940 962 2022; x_wconf 75' lang='lat' dir='ltr'><strong>disputaverit,</strong></span> <span class='ocrx_word' id='word_1_115' title='bbox 987 1939 1037 2003; x_wconf 91' lang='lat' dir='ltr'><strong>hio</strong></span> <span class='ocrx_word' id='word_1_116' title='bbox 1052 1940 1158 2021; x_wconf 87' lang='lat' dir='ltr'><strong>paucis</strong></span> <span class='ocrx_word' id='word_1_117' title='bbox 1174 1939 1334 2004; x_wconf 85' lang='lat' dir='ltr'><strong>absolvere</strong></span> 
     </span>
     <span class='ocr_line' id='line_1_15' title="bbox 148 2041 1333 2124; baseline 0.002 -20"><span class='ocrx_word' id='word_1_118' title='bbox 148 2041 230 2106; x_wconf 90' lang='lat' dir='ltr'><strong>licet.</strong></span> <span class='ocrx_word' id='word_1_119' title='bbox 268 2041 345 2106; x_wconf 88' lang='lat' dir='ltr'><strong>scite</strong></span> <span class='ocrx_word' id='word_1_120' title='bbox 382 2042 466 2106; x_wconf 91' lang='lat' dir='ltr'><strong>enim</strong></span> <span class='ocrx_word' id='word_1_121' title='bbox 499 2045 547 2107; x_wconf 87' lang='lat' dir='ltr'><strong>vir</strong></span> <span class='ocrx_word' id='word_1_122' title='bbox 582 2043 691 2107; x_wconf 91' lang='lat' dir='ltr'><strong>doctus</strong></span> <span class='ocrx_word' id='word_1_123' title='bbox 715 2042 894 2107; x_wconf 82' lang='lat' dir='ltr'><strong>observavit</strong></span> <span class='ocrx_word' id='word_1_124' title='bbox 919 2042 1053 2107; x_wconf 84' lang='lat' dir='ltr'><strong>maximo</strong></span> <span class='ocrx_word' id='word_1_125' title='bbox 1076 2044 1217 2108; x_wconf 86' lang='lat' dir='ltr'><strong>amantes</strong></span> <span class='ocrx_word' id='word_1_126' title='bbox 1240 2044 1333 2124; x_wconf 89' lang='lat' dir='ltr'><strong>atque</strong></span> 
     </span>
     <span class='ocr_line' id='line_1_16' title="bbox 92 2145 1335 2230; baseline 0 -20"><span class='ocrx_word' id='word_1_127' title='bbox 92 2158 94 2162; x_wconf 84' lang='grc'><strong><em>·</em></strong></span> <span class='ocrx_word' id='word_1_128' title='bbox 147 2161 301 2210; x_wconf 89' lang='lat' dir='ltr'><strong>memores</strong></span> <span class='ocrx_word' id='word_1_129' title='bbox 314 2165 379 2210; x_wconf 90' lang='lat' dir='ltr'><strong>sose</strong></span> <span class='ocrx_word' id='word_1_130' title='bbox 391 2147 585 2227; x_wconf 87' lang='lat' dir='ltr'><strong>praestitisse</strong></span> <span class='ocrx_word' id='word_1_131' title='bbox 602 2147 707 2227; x_wconf 88' lang='lat' dir='ltr'><strong>poetas</strong></span> <span class='ocrx_word' id='word_1_132' title='bbox 724 2146 788 2210; x_wconf 92' lang='lat' dir='ltr'><strong>eius</strong></span> <span class='ocrx_word' id='word_1_133' title='bbox 806 2147 1024 2227; x_wconf 87' lang='lat' dir='ltr'><strong>descriptionis</strong></span> <span class='ocrx_word' id='word_1_134' title='bbox 1040 2145 1256 2230; x_wconf 87' lang='lat' dir='ltr'><strong>Lucretianae‚</strong></span> <span class='ocrx_word' id='word_1_135' title='bbox 1273 2165 1335 2228; x_wconf 90' lang='lat' dir='ltr'><strong>qua</strong></span> 
     </span>
     <span class='ocr_line' id='line_1_17' title="bbox 148 2248 1049 2332; baseline 0.002 -20"><span class='ocrx_word' id='word_1_136' title='bbox 148 2249 203 2312; x_wconf 92' lang='lat' dir='ltr'><strong>ille</strong></span> <span class='ocrx_word' id='word_1_137' title='bbox 227 2248 369 2314; x_wconf 87' lang='lat' dir='ltr'><strong>fulminis</strong></span> <span class='ocrx_word' id='word_1_138' title='bbox 393 2251 540 2313; x_wconf 87' lang='lat' dir='ltr'><strong>naturam</strong></span> <span class='ocrx_word' id='word_1_139' title='bbox 563 2251 593 2314; x_wconf 90' lang='lat' dir='ltr'>H</span> <span class='ocrx_word' id='word_1_140' title='bbox 617 2249 681 2312; x_wconf 83' lang='lat'><strong>213</strong></span> <span class='ocrx_word' id='word_1_141' title='bbox 705 2268 770 2332; x_wconf 87' lang='lat' dir='ltr'><strong>sqq.</strong></span> <span class='ocrx_word' id='word_1_142' title='bbox 796 2253 840 2314; x_wconf 93' lang='lat' dir='ltr'><strong>sic</strong></span> <span class='ocrx_word' id='word_1_143' title='bbox 864 2250 1049 2331; x_wconf 81' lang='lat' dir='ltr'><strong>descripsit:</strong></span> 
     </span>
    </p>
   </div>
   <div class='ocr_carea' id='block_1_4' title="bbox 355 2370 1124 2611">
    <p class='ocr_par' dir='ltr' id='par_1_4' title="bbox 355 2370 1124 2611">
     <span class='ocr_line' id='line_1_18' title="bbox 355 2370 1124 2437; baseline 0.003 -15"><span class='ocrx_word' id='word_1_144' title='bbox 355 2374 576 2437; x_wconf 79' lang='lat' dir='ltr'><strong>transversosque</strong></span> <span class='ocrx_word' id='word_1_145' title='bbox 595 2370 686 2423; x_wconf 83' lang='lat' dir='ltr'><strong>colore</strong></span> <span class='ocrx_word' id='word_1_146' title='bbox 699 2385 754 2436; x_wconf 80' lang='lat' dir='ltr'><strong>per</strong></span> <span class='ocrx_word' id='word_1_147' title='bbox 772 2370 868 2423; x_wconf 82' lang='lat' dir='ltr'><strong>iuabris</strong></span> <span class='ocrx_word' id='word_1_148' title='bbox 885 2371 1007 2436; x_wconf 77' lang='lat' dir='ltr'><strong>solmiac</strong></span> <span class='ocrx_word' id='word_1_149' title='bbox 1027 2371 1124 2436; x_wconf 70' lang='lat' dir='ltr'><strong>ceruit,</strong></span> 
     </span>
     <span class='ocr_line' id='line_1_19' title="bbox 355 2455 1062 2525; baseline 0.001 -18"><span class='ocrx_word' id='word_1_150' title='bbox 355 2471 431 2508; x_wconf 76' lang='lat' dir='ltr'><strong>nuuc</strong></span> <span class='ocrx_word' id='word_1_151' title='bbox 448 2456 512 2510; x_wconf 78' lang='lat' dir='ltr'><strong>biae</strong></span> <span class='ocrx_word' id='word_1_152' title='bbox 531 2471 606 2508; x_wconf 84' lang='lat' dir='ltr'><strong>uuuc</strong></span> <span class='ocrx_word' id='word_1_153' title='bbox 623 2455 701 2508; x_wconf 76' lang='lat' dir='ltr'><strong>tiliae</strong></span> <span class='ocrx_word' id='word_1_154' title='bbox 718 2455 831 2522; x_wconf 80' lang='lat' dir='ltr'><strong>abrupti</strong></span> <span class='ocrx_word' id='word_1_155' title='bbox 848 2456 968 2510; x_wconf 77' lang='lat' dir='ltr'><strong>nubibus</strong></span> <span class='ocrx_word' id='word_1_156' title='bbox 985 2457 1062 2525; x_wconf 77' lang='lat' dir='ltr'><strong>ipces</strong></span> 
     </span>
     <span class='ocr_line' id='line_1_20' title="bbox 355 2542 1085 2611; baseline -0.003 -16"><span class='ocrx_word' id='word_1_157' title='bbox 355 2548 534 2596; x_wconf 75' lang='lat' dir='ltr'><strong>concursant:</strong></span> <span class='ocrx_word' id='word_1_158' title='bbox 552 2542 627 2596; x_wconf 85' lang='lat' dir='ltr'><strong>cudit</strong></span> <span class='ocrx_word' id='word_1_159' title='bbox 645 2542 785 2595; x_wconf 75' lang='lat' dir='ltr'><strong>interrae</strong></span> <span class='ocrx_word' id='word_1_160' title='bbox 803 2543 843 2596; x_wconf 84' lang='lat' dir='ltr'><strong>oe&#39;s</strong></span> <span class='ocrx_word' id='word_1_161' title='bbox 860 2543 984 2610; x_wconf 69' lang='lat' dir='ltr'><strong>flammea</strong></span> <span class='ocrx_word' id='word_1_162' title='bbox 1002 2543 1085 2611; x_wconf 73' lang='lat' dir='ltr'><strong>uolgo.</strong></span> 
     </span>
    </p>
   </div>
   <div class='ocr_carea' id='block_1_5' title="bbox 149 2663 1336 3042">
    <p class='ocr_par' dir='ltr' id='par_1_5' title="bbox 149 2663 1336 3042">
     <span class='ocr_line' id='line_1_21' title="bbox 149 2663 1335 2750; baseline -0.002 -20"><span class='ocrx_word' id='word_1_163' title='bbox 149 2685 207 2749; x_wconf 95' lang='lat' dir='ltr'><strong>quo</strong></span> <span class='ocrx_word' id='word_1_164' title='bbox 232 2685 303 2731; x_wconf 91' lang='lat' dir='ltr'><strong>cum</strong></span> <span class='ocrx_word' id='word_1_165' title='bbox 325 2667 394 2731; x_wconf 93' lang='lat' dir='ltr'><strong>loco</strong></span> <span class='ocrx_word' id='word_1_166' title='bbox 417 2666 591 2730; x_wconf 87' lang='lat' dir='ltr'><strong>rectissime</strong></span> <span class='ocrx_word' id='word_1_167' title='bbox 624 2668 805 2750; x_wconf 87' lang='lat' dir='ltr'><strong>Zingerlous</strong></span> <span class='ocrx_word' id='word_1_168' title='bbox 846 2667 980 2731; x_wconf 92' lang='lat' dir='ltr'><strong>contulit</strong></span> <span class='ocrx_word' id='word_1_169' title='bbox 1015 2666 1119 2730; x_wconf 89' lang='lat' dir='ltr'><strong>Ovidii</strong></span> <span class='ocrx_word' id='word_1_170' title='bbox 1160 2663 1335 2746; x_wconf 85' lang='lat' dir='ltr'><strong>imaginem</strong></span> 
     </span>
     <span class='ocr_line' id='line_1_22' title="bbox 151 2770 1333 2852; baseline -0.004 -18"><span class='ocrx_word' id='word_1_171' title='bbox 151 2772 226 2837; x_wconf 89' lang='lat' dir='ltr'><strong>Met.</strong></span> <span class='ocrx_word' id='word_1_172' title='bbox 239 2771 319 2835; x_wconf 89' lang='lat' dir='ltr'>VIII</span> <span class='ocrx_word' id='word_1_173' title='bbox 336 2771 411 2852; x_wconf 79' lang='lat'><strong>339,</strong></span> <span class='ocrx_word' id='word_1_174' title='bbox 426 2771 481 2833; x_wconf 92' lang='lat' dir='ltr'><strong>ubi</strong></span> <span class='ocrx_word' id='word_1_175' title='bbox 497 2775 587 2852; x_wconf 89' lang='lat' dir='ltr'><strong>poeta</strong></span> <span class='ocrx_word' id='word_1_176' title='bbox 604 2770 636 2834; x_wconf 93' lang='lat' dir='ltr'><strong>in</strong></span> <span class='ocrx_word' id='word_1_177' title='bbox 654 2773 828 2836; x_wconf 87' lang='lat' dir='ltr'><strong>venationis</strong></span> <span class='ocrx_word' id='word_1_178' title='bbox 844 2771 1050 2851; x_wconf 84' lang='lat' dir='ltr'><strong>descriptione</strong></span> <span class='ocrx_word' id='word_1_179' title='bbox 1067 2787 1178 2850; x_wconf 90' lang='lat' dir='ltr'><strong>aprum</strong></span> <span class='ocrx_word' id='word_1_180' title='bbox 1194 2785 1333 2844; x_wconf 85' lang='lat' dir='ltr'><strong>saevum,</strong></span> 
     </span>
     <span class='ocr_line' id='line_1_23' title="bbox 150 2871 1336 2956; baseline -0.003 -18"><span class='ocrx_word' id='word_1_181' title='bbox 150 2893 241 2954; x_wconf 90' lang='lat' dir='ltr'><strong>quem</strong></span> <span class='ocrx_word' id='word_1_182' title='bbox 265 2874 365 2937; x_wconf 89' lang='lat' dir='ltr'><strong>Diana</strong></span> <span class='ocrx_word' id='word_1_183' title='bbox 389 2877 426 2938; x_wconf 94' lang='lat' dir='ltr'><strong>ad</strong></span> <span class='ocrx_word' id='word_1_184' title='bbox 450 2890 539 2954; x_wconf 89' lang='lat' dir='ltr'><strong>agros</strong></span> <span class='ocrx_word' id='word_1_185' title='bbox 564 2871 749 2956; x_wconf 78' lang='lat' dir='ltr'><strong>Calydoniae</strong></span> <span class='ocrx_word' id='word_1_186' title='bbox 784 2876 989 2940; x_wconf 88' lang='lat' dir='ltr'><strong>devastandos</strong></span> <span class='ocrx_word' id='word_1_187' title='bbox 1011 2875 1150 2955; x_wconf 87' lang='lat' dir='ltr'><strong>miserat,</strong></span> <span class='ocrx_word' id='word_1_188' title='bbox 1184 2873 1216 2936; x_wconf 94' lang='lat' dir='ltr'><strong>iu</strong></span> <span class='ocrx_word' id='word_1_189' title='bbox 1241 2889 1336 2935; x_wconf 86' lang='lat' dir='ltr'><strong>vcna-</strong></span> 
     </span>
     <span class='ocr_line' id='line_1_24' title="bbox 151 2976 683 3042; baseline 0.002 -2"><span class='ocrx_word' id='word_1_190' title='bbox 151 2982 232 3041; x_wconf 90' lang='lat' dir='ltr'><strong>tores</strong></span> <span class='ocrx_word' id='word_1_191' title='bbox 257 2977 412 3042; x_wconf 84' lang='lat' dir='ltr'><strong>confertos</strong></span> <span class='ocrx_word' id='word_1_192' title='bbox 436 2976 536 3040; x_wconf 91' lang='lat' dir='ltr'><strong>ruisse</strong></span> <span class='ocrx_word' id='word_1_193' title='bbox 560 2983 683 3041; x_wconf 90' lang='lat' dir='ltr'><strong>narrat:</strong></span> 
     </span>
    </p>
   </div>
   <div class='ocr_carea' id='block_1_6' title="bbox 467 3115 1051 3183">
    <p class='ocr_par' dir='ltr' id='par_1_6' title="bbox 467 3115 1051 3183">
     <span class='ocr_line' id='line_1_25' title="bbox 467 3115 1051 3183; baseline 0 -17"><span class='ocrx_word' id='word_1_194' title='bbox 467 3151 473 3166; x_wconf 94' lang='lat'>.</span> <span class='ocrx_word' id='word_1_195' title='bbox 502 3154 507 3166; x_wconf 93' lang='lat'>.</span> <span class='ocrx_word' id='word_1_196' title='bbox 536 3152 542 3166; x_wconf 94' lang='lat'><strong>.</strong></span> <span class='ocrx_word' id='word_1_197' title='bbox 566 3119 597 3168; x_wconf 80' lang='lat' dir='ltr'><strong>ct</strong></span> <span class='ocrx_word' id='word_1_198' title='bbox 614 3115 734 3168; x_wconf 78' lang='lat' dir='ltr'><strong>excussis</strong></span> <span class='ocrx_word' id='word_1_199' title='bbox 753 3115 813 3168; x_wconf 82' lang='lat' dir='ltr'><strong>elici</strong></span> <span class='ocrx_word' id='word_1_200' title='bbox 830 3115 948 3168; x_wconf 83' lang='lat' dir='ltr'><strong>uadibus</strong></span> <span class='ocrx_word' id='word_1_201' title='bbox 965 3115 1051 3183; x_wconf 72' lang='lat' dir='ltr'><strong>Iporca.</strong></span> 
     </span>
    </p>
   </div>
   <div class='ocr_carea' id='block_1_7' title="bbox 152 3235 1335 3423">
    <p class='ocr_par' dir='ltr' id='par_1_7' title="bbox 152 3235 1335 3423">
     <span class='ocr_line' id='line_1_26' title="bbox 152 3235 1335 3320; baseline -0.001 -19"><span class='ocrx_word' id='word_1_202' title='bbox 152 3255 229 3318; x_wconf 91' lang='lat' dir='ltr'><strong>quae</strong></span> <span class='ocrx_word' id='word_1_203' title='bbox 253 3237 392 3302; x_wconf 88' lang='lat' dir='ltr'><strong>imitatio</strong></span> <span class='ocrx_word' id='word_1_204' title='bbox 415 3238 496 3302; x_wconf 89' lang='lat' dir='ltr'><strong>certo</strong></span> <span class='ocrx_word' id='word_1_205' title='bbox 520 3235 594 3302; x_wconf 88' lang='lat' dir='ltr'><strong>adeo</strong></span> <span class='ocrx_word' id='word_1_206' title='bbox 618 3238 783 3320; x_wconf 89' lang='lat' dir='ltr'><strong>conspicua</strong></span> <span class='ocrx_word' id='word_1_207' title='bbox 806 3241 862 3315; x_wconf 82' lang='lat' dir='ltr'><strong>est,</strong></span> <span class='ocrx_word' id='word_1_208' title='bbox 888 3241 924 3302; x_wconf 92' lang='lat' dir='ltr'><strong>ut</strong></span> <span class='ocrx_word' id='word_1_209' title='bbox 940 3257 977 3301; x_wconf 88' lang='lat' dir='ltr'><strong>ne</strong></span> <span class='ocrx_word' id='word_1_210' title='bbox 993 3238 1123 3301; x_wconf 89' lang='lat' dir='ltr'><strong>minima</strong></span> <span class='ocrx_word' id='word_1_211' title='bbox 1139 3239 1176 3301; x_wconf 91' lang='lat' dir='ltr'><strong>de</strong></span> <span class='ocrx_word' id='word_1_212' title='bbox 1192 3235 1258 3300; x_wconf 90' lang='lat' dir='ltr'><strong>eius</strong></span> <span class='ocrx_word' id='word_1_213' title='bbox 1274 3236 1335 3301; x_wconf 86' lang='lat' dir='ltr'><strong>fide</strong></span> 
     </span>
     <span class='ocr_line' id='line_1_27' title="bbox 152 3341 538 3423; baseline 0.003 -20"><span class='ocrx_word' id='word_1_214' title='bbox 152 3341 349 3423; x_wconf 88' lang='lat' dir='ltr'><strong>relinquatur</strong></span> <span class='ocrx_word' id='word_1_215' title='bbox 372 3341 538 3404; x_wconf 90' lang='lat' dir='ltr'><strong>dubitatio.</strong></span> 
     </span>
    </p>
   </div>
   <div class='ocr_carea' id='block_1_8' title="bbox 147 3460 1334 3960">
    <p class='ocr_par' dir='ltr' id='par_1_8' title="bbox 147 3460 1334 3960">
     <span class='ocr_line' id='line_1_28' title="bbox 253 3460 1334 3544; baseline -0.002 -18"><span class='ocrx_word' id='word_1_216' title='bbox 253 3463 290 3526; x_wconf 94' lang='lat' dir='ltr'><strong>In</strong></span> <span class='ocrx_word' id='word_1_217' title='bbox 320 3465 504 3525; x_wconf 88' lang='lat' dir='ltr'><strong>transcursu</strong></span> <span class='ocrx_word' id='word_1_218' title='bbox 524 3480 590 3525; x_wconf 77' lang='lat' dir='ltr'><strong>eos</strong></span> <span class='ocrx_word' id='word_1_219' title='bbox 614 3479 734 3544; x_wconf 92' lang='lat' dir='ltr'><strong>quoque</strong></span> <span class='ocrx_word' id='word_1_220' title='bbox 767 3461 849 3526; x_wconf 88' lang='lat' dir='ltr'><strong>locos</strong></span> <span class='ocrx_word' id='word_1_221' title='bbox 884 3461 936 3524; x_wconf 90' lang='lat' dir='ltr'><strong>hic</strong></span> <span class='ocrx_word' id='word_1_222' title='bbox 959 3461 1106 3526; x_wconf 87' lang='lat' dir='ltr'><strong>adnotare</strong></span> <span class='ocrx_word' id='word_1_223' title='bbox 1130 3460 1208 3524; x_wconf 86' lang='lat' dir='ltr'><strong>milri</strong></span> <span class='ocrx_word' id='word_1_224' title='bbox 1231 3460 1334 3538; x_wconf 75' lang='lat' dir='ltr'><strong>liceat,</strong></span> 
     </span>
     <span class='ocr_line' id='line_1_29' title="bbox 148 3564 1333 3648; baseline -0.003 -18"><span class='ocrx_word' id='word_1_225' title='bbox 148 3565 261 3646; x_wconf 89' lang='lat' dir='ltr'><strong>quibus</strong></span> <span class='ocrx_word' id='word_1_226' title='bbox 295 3564 427 3629; x_wconf 87' lang='lat' dir='ltr'><strong>Ovidius</strong></span> <span class='ocrx_word' id='word_1_227' title='bbox 467 3564 539 3646; x_wconf 94' lang='lat' dir='ltr'><strong>plus</strong></span> <span class='ocrx_word' id='word_1_228' title='bbox 578 3565 721 3629; x_wconf 87' lang='lat' dir='ltr'><strong>minusve</strong></span> <span class='ocrx_word' id='word_1_229' title='bbox 762 3565 899 3630; x_wconf 88' lang='lat' dir='ltr'><strong>eiusdem</strong></span> <span class='ocrx_word' id='word_1_230' title='bbox 940 3565 1082 3628; x_wconf 91' lang='lat' dir='ltr'><strong>Lucretii</strong></span> <span class='ocrx_word' id='word_1_231' title='bbox 1118 3564 1333 3648; x_wconf 89' lang='lat' dir='ltr'><strong>descriptionis</strong></span> 
     </span>
     <span class='ocr_line' id='line_1_30' title="bbox 148 3668 1333 3750; baseline -0.001 -19"><span class='ocrx_word' id='word_1_232' title='bbox 148 3669 327 3734; x_wconf 89' lang='lat' dir='ltr'><strong>recordatus</strong></span> <span class='ocrx_word' id='word_1_233' title='bbox 344 3669 487 3734; x_wconf 87' lang='lat' dir='ltr'><strong>fulminis</strong></span> <span class='ocrx_word' id='word_1_234' title='bbox 503 3669 694 3734; x_wconf 90' lang='lat' dir='ltr'><strong>mentionem</strong></span> <span class='ocrx_word' id='word_1_235' title='bbox 711 3668 793 3750; x_wconf 83' lang='lat' dir='ltr'><strong>sealt,</strong></span> <span class='ocrx_word' id='word_1_236' title='bbox 811 3688 919 3732; x_wconf 89' lang='lat' dir='ltr'><strong>verum</strong></span> <span class='ocrx_word' id='word_1_237' title='bbox 936 3681 1043 3732; x_wconf 84' lang='lat' dir='ltr'><strong>tamen</strong></span> <span class='ocrx_word' id='word_1_238' title='bbox 1060 3685 1120 3732; x_wconf 93' lang='lat' dir='ltr'><strong>uon</strong></span> <span class='ocrx_word' id='word_1_239' title='bbox 1136 3668 1169 3731; x_wconf 93' lang='lat' dir='ltr'><strong>in</strong></span> <span class='ocrx_word' id='word_1_240' title='bbox 1186 3668 1333 3750; x_wconf 84' lang='lat' dir='ltr'><strong>imaginis</strong></span> 
     </span>
     <span class='ocr_line' id='line_1_31' title="bbox 149 3771 1333 3857; baseline 0.001 -22"><span class='ocrx_word' id='word_1_241' title='bbox 149 3771 367 3857; x_wconf 88' lang='lat' dir='ltr'><strong>descriptione,</strong></span> <span class='ocrx_word' id='word_1_242' title='bbox 392 3773 460 3838; x_wconf 91' lang='lat' dir='ltr'><strong>dico</strong></span> <span class='ocrx_word' id='word_1_243' title='bbox 484 3774 560 3838; x_wconf 88' lang='lat' dir='ltr'><strong>Met.</strong></span> <span class='ocrx_word' id='word_1_244' title='bbox 585 3773 629 3836; x_wconf 90' lang='lat' dir='ltr'><strong>Vl</strong></span> <span class='ocrx_word' id='word_1_245' title='bbox 653 3774 716 3838; x_wconf 83' lang='grc'><strong>695</strong></span> <span class='ocrx_word' id='word_1_246' title='bbox 739 3792 804 3856; x_wconf 84' lang='lat' dir='ltr'><strong>sq.;</strong></span> <span class='ocrx_word' id='word_1_247' title='bbox 827 3774 873 3838; x_wconf 92' lang='lat' dir='ltr'><strong>XI</strong></span> <span class='ocrx_word' id='word_1_248' title='bbox 897 3774 960 3837; x_wconf 75' lang='lat'><strong>435</strong></span> <span class='ocrx_word' id='word_1_249' title='bbox 976 3791 1021 3854; x_wconf 89' lang='lat' dir='ltr'><strong>sq.</strong></span> <span class='ocrx_word' id='word_1_250' title='bbox 1057 3773 1191 3854; x_wconf 90' lang='lat' dir='ltr'><strong>deniquo</strong></span> <span class='ocrx_word' id='word_1_251' title='bbox 1215 3772 1333 3838; x_wconf 86' lang='lat' dir='ltr'><strong>videsis</strong></span> 
     </span>
     <span class='ocr_line' id='line_1_32' title="bbox 147 3875 1332 3960; baseline -0.001 -21"><span class='ocrx_word' id='word_1_252' title='bbox 147 3893 343 3958; x_wconf 83' lang='lat' dir='ltr'><strong>aequoque,</strong></span> <span class='ocrx_word' id='word_1_253' title='bbox 381 3893 458 3957; x_wconf 89' lang='lat' dir='ltr'><strong>quae</strong></span> <span class='ocrx_word' id='word_1_254' title='bbox 493 3877 586 3942; x_wconf 90' lang='lat' dir='ltr'><strong>habet</strong></span> <span class='ocrx_word' id='word_1_255' title='bbox 610 3876 768 3960; x_wconf 89' lang='lat' dir='ltr'><strong>Vergilius</strong></span> <span class='ocrx_word' id='word_1_256' title='bbox 793 3876 870 3940; x_wconf 84' lang='lat' dir='ltr'><strong>Aen.</strong></span> <span class='ocrx_word' id='word_1_257' title='bbox 894 3877 910 3940; x_wconf 95' lang='lat' dir='ltr'>I</span> <span class='ocrx_word' id='word_1_258' title='bbox 933 3875 1061 3952; x_wconf 71' lang='lat'>423111</span> <span class='ocrx_word' id='word_1_259' title='bbox 1088 3877 1166 3958; x_wconf 79' lang='lat'>1993</span> <span class='ocrx_word' id='word_1_260' title='bbox 1190 3875 1236 3942; x_wconf 83' lang='lat' dir='ltr'><strong>IV</strong></span> <span class='ocrx_word' id='word_1_261' title='bbox 1259 3877 1332 3942; x_wconf 80' lang='lat'>209.</span> 
     </span>
    </p>
   </div>
   <div class='ocr_carea' id='block_1_9' title="bbox 147 3995 1335 4581">
    <p class='ocr_par' dir='ltr' id='par_1_9' title="bbox 147 3995 1335 4581">
     <span class='ocr_line' id='line_1_33' title="bbox 252 3995 1335 4080; baseline -0.001 -18"><span class='ocrx_word' id='word_1_262' title='bbox 252 3995 460 4062; x_wconf 86' lang='lat' dir='ltr'><strong>Similitudini</strong></span> <span class='ocrx_word' id='word_1_263' title='bbox 477 3998 515 4061; x_wconf 89' lang='lat' dir='ltr'><strong>ad</strong></span> <span class='ocrx_word' id='word_1_264' title='bbox 530 3997 650 4063; x_wconf 88' lang='lat' dir='ltr'><strong>fulmen</strong></span> <span class='ocrx_word' id='word_1_265' title='bbox 670 3999 840 4080; x_wconf 89' lang='lat' dir='ltr'><strong>pertinenti</strong></span> <span class='ocrx_word' id='word_1_266' title='bbox 858 4001 1017 4063; x_wconf 91' lang='lat' dir='ltr'><strong>commode</strong></span> <span class='ocrx_word' id='word_1_267' title='bbox 1034 3997 1213 4062; x_wconf 88' lang='lat' dir='ltr'><strong>adnectitur</strong></span> <span class='ocrx_word' id='word_1_268' title='bbox 1229 3995 1335 4062; x_wconf 86' lang='lat' dir='ltr'><strong>Ovidii</strong></span> 
     </span>
     <span class='ocr_line' id='line_1_34' title="bbox 147 4100 1334 4184; baseline 0 -20"><span class='ocrx_word' id='word_1_269' title='bbox 147 4100 252 4183; x_wconf 82' lang='lat' dir='ltr'><strong>imago</strong></span> <span class='ocrx_word' id='word_1_270' title='bbox 277 4119 292 4162; x_wconf 92' lang='lat' dir='ltr'><strong>e</strong></span> <span class='ocrx_word' id='word_1_271' title='bbox 315 4103 452 4166; x_wconf 91' lang='lat' dir='ltr'><strong>tonitrus</strong></span> <span class='ocrx_word' id='word_1_272' title='bbox 475 4106 588 4165; x_wconf 89' lang='lat' dir='ltr'><strong>natura</strong></span> <span class='ocrx_word' id='word_1_273' title='bbox 611 4102 721 4184; x_wconf 86' lang='lat' dir='ltr'><strong>petita,</strong></span> <span class='ocrx_word' id='word_1_274' title='bbox 746 4102 779 4164; x_wconf 93' lang='lat' dir='ltr'><strong>iu</strong></span> <span class='ocrx_word' id='word_1_275' title='bbox 802 4120 862 4182; x_wconf 89' lang='lat' dir='ltr'><strong>qua</strong></span> <span class='ocrx_word' id='word_1_276' title='bbox 886 4120 947 4165; x_wconf 93' lang='lat' dir='ltr'><strong>non</strong></span> <span class='ocrx_word' id='word_1_277' title='bbox 970 4103 1074 4167; x_wconf 91' lang='lat' dir='ltr'><strong>minus</strong></span> <span class='ocrx_word' id='word_1_278' title='bbox 1099 4107 1207 4183; x_wconf 89' lang='lat' dir='ltr'><strong>aperta</strong></span> <span class='ocrx_word' id='word_1_279' title='bbox 1223 4103 1334 4183; x_wconf 89' lang='lat' dir='ltr'><strong>depre-</strong></span> 
     </span>
     <span class='ocr_line' id='line_1_35' title="bbox 147 4203 1335 4288; baseline 0.002 -22"><span class='ocrx_word' id='word_1_280' title='bbox 147 4203 294 4268; x_wconf 87' lang='lat' dir='ltr'><strong>henditur</strong></span> <span class='ocrx_word' id='word_1_281' title='bbox 316 4205 453 4270; x_wconf 91' lang='lat' dir='ltr'><strong>imitatio</strong></span> <span class='ocrx_word' id='word_1_282' title='bbox 476 4205 674 4270; x_wconf 85' lang='lat' dir='ltr'><strong>Lucretiana.</strong></span> <span class='ocrx_word' id='word_1_283' title='bbox 698 4205 906 4286; x_wconf 89' lang='lat' dir='ltr'><strong>pulcherrimo</strong></span> <span class='ocrx_word' id='word_1_284' title='bbox 930 4207 1015 4270; x_wconf 89' lang='lat' dir='ltr'><strong>enim</strong></span> <span class='ocrx_word' id='word_1_285' title='bbox 1030 4205 1111 4282; x_wconf 83' lang='lat' dir='ltr'><strong>loco,</strong></span> <span class='ocrx_word' id='word_1_286' title='bbox 1128 4224 1186 4288; x_wconf 92' lang='lat' dir='ltr'><strong>quo</strong></span> <span class='ocrx_word' id='word_1_287' title='bbox 1203 4203 1335 4269; x_wconf 90' lang='lat' dir='ltr'><strong>Ovidius</strong></span> 
     </span>
     <span class='ocr_line' id='line_1_36' title="bbox 147 4306 1334 4390; baseline 0.002 -20"><span class='ocrx_word' id='word_1_288' title='bbox 147 4308 275 4370; x_wconf 89' lang='lat' dir='ltr'><strong>domum</strong></span> <span class='ocrx_word' id='word_1_289' title='bbox 298 4307 412 4372; x_wconf 83' lang='lat' dir='ltr'><strong>Famae</strong></span> <span class='ocrx_word' id='word_1_290' title='bbox 435 4308 512 4373; x_wconf 90' lang='lat' dir='ltr'><strong>Met.</strong></span> <span class='ocrx_word' id='word_1_291' title='bbox 536 4307 597 4370; x_wconf 89' lang='lat' dir='ltr'><strong>XII</strong></span> <span class='ocrx_word' id='word_1_292' title='bbox 620 4306 751 4388; x_wconf 80' lang='lat' dir='ltr'><strong>43-sqq.</strong></span> <span class='ocrx_word' id='word_1_293' title='bbox 774 4307 950 4388; x_wconf 89' lang='lat' dir='ltr'><strong>descripsit,</strong></span> <span class='ocrx_word' id='word_1_294' title='bbox 975 4307 1119 4373; x_wconf 77' lang='lat' dir='ltr'><strong>fremitus</strong></span> <span class='ocrx_word' id='word_1_295' title='bbox 1135 4311 1228 4390; x_wconf 90' lang='lat' dir='ltr'><strong>atque</strong></span> <span class='ocrx_word' id='word_1_296' title='bbox 1250 4309 1334 4372; x_wconf 90' lang='lat' dir='ltr'><strong>stre-</strong></span> 
     </span>
     <span class='ocr_line' id='line_1_37' title="bbox 148 4410 1335 4495; baseline 0.001 -21"><span class='ocrx_word' id='word_1_297' title='bbox 148 4410 242 4492; x_wconf 84' lang='lat' dir='ltr'><strong>pitus,</strong></span> <span class='ocrx_word' id='word_1_298' title='bbox 270 4412 321 4493; x_wconf 91' lang='lat' dir='ltr'><strong>qui</strong></span> <span class='ocrx_word' id='word_1_299' title='bbox 346 4411 391 4475; x_wconf 91' lang='lat' dir='ltr'><strong>ibi</strong></span> <span class='ocrx_word' id='word_1_300' title='bbox 413 4431 534 4495; x_wconf 92' lang='lat' dir='ltr'><strong>semper</strong></span> <span class='ocrx_word' id='word_1_301' title='bbox 558 4413 737 4487; x_wconf 90' lang='lat' dir='ltr'><strong>audiuntur,</strong></span> <span class='ocrx_word' id='word_1_302' title='bbox 761 4429 791 4474; x_wconf 85' lang='lat' dir='ltr'><strong>v.</strong></span> <span class='ocrx_word' id='word_1_303' title='bbox 815 4412 857 4475; x_wconf 87' lang='grc'><strong>49</strong></span> <span class='ocrx_word' id='word_1_304' title='bbox 875 4430 941 4495; x_wconf 86' lang='lat' dir='ltr'><strong>sqq.</strong></span> <span class='ocrx_word' id='word_1_305' title='bbox 958 4430 976 4474; x_wconf 95' lang='lat' dir='ltr'><strong>a</strong></span> <span class='ocrx_word' id='word_1_306' title='bbox 991 4417 1084 4495; x_wconf 87' lang='lat' dir='ltr'><strong>poeta</strong></span> <span class='ocrx_word' id='word_1_307' title='bbox 1101 4412 1335 4495; x_wconf 87' lang='lat' dir='ltr'><strong>elegantissimo</strong></span> 
     </span>
     <span class='ocr_line' id='line_1_38' title="bbox 149 4515 678 4581; baseline -0.006 -2"><span class='ocrx_word' id='word_1_308' title='bbox 149 4515 230 4580; x_wconf 90' lang='lat' dir='ltr'><strong>huuc</strong></span> <span class='ocrx_word' id='word_1_309' title='bbox 253 4515 287 4580; x_wconf 92' lang='lat' dir='ltr'><strong>in</strong></span> <span class='ocrx_word' id='word_1_310' title='bbox 310 4517 439 4580; x_wconf 91' lang='lat' dir='ltr'><strong>modum</strong></span> <span class='ocrx_word' id='word_1_311' title='bbox 464 4517 678 4581; x_wconf 87' lang='lat' dir='ltr'><strong>illustrantur:</strong></span> 
     </span>
    </p>
   </div>
   <div class='ocr_carea' id='block_1_10' title="bbox 0 0 1693 5134">
    <p class='ocr_par' dir='ltr' id='par_1_10' title="bbox 0 0 1693 5134">
     <span class='ocr_line' id='line_1_39' title="bbox 0 0 1693 5134; baseline 0 0"><span class='ocrx_word' id='word_1_312' title='bbox 0 0 1693 5134; x_wconf 95' lang='lat' dir='ltr'><strong> </strong></span> 
     </span>
    </p>
   </div>
  </div>
 </body>
</html>
