3370 5134
844 507 1079 594 ..140-

362 697 570 782 cupiditatem
585 716 685 777 snam‚
710 715 772 780 qua
786 673 909 780 semper
926 697 960 762 in
976 714 1114 762 amorem
1129 693 1302 777 inducitur,
1326 693 1373 760 bis
1389 691 1549 760 exornavit

362 801 644 869 similitudinibus:

571 927 602 976 nt
620 920 697 989 rapit
714 919 746 973 in
761 933 896 987 praecepa
914 917 1055 972 dominnm
1072 916 1231 986 spumantia
1248 915 1357 981 frastra

622 1005 707 1072 frena
725 1009 911 1058 retentantem
928 1002 1028 1057 darier
1045 1003 1102 1058 oria
1121 1017 1220 1072 epuns:

570 1097 602 1146 nt
619 1091 727 1146 subitae
741 1105 831 1159 prope
848 1089 906 1143 iam
919 1104 1025 1157 prensa
1043 1089 1141 1144 tellnre
1158 1089 1285 1144 carinam

623 1182 778 1248 tanpentem
792 1181 892 1244 portae
909 1180 1007 1230 ceratae
1024 1176 1056 1229 in
1074 1175 1133 1229 alta
1150 1175 1242 1243 rapit:

570 1264 610 1319 sia
627 1279 669 1317 mre
686 1277 768 1330 caepe
784 1259 871 1328 refert
889 1262 998 1316 incerta
1017 1259 1159 1330 cupidinis
1176 1277 1257 1314 anro.

362 1386 456 1452 porro
478 1367 511 1434 in
533 1367 623 1434 libris
646 1366 680 1431 in
704 1365 796 1431 exilio
814 1365 996 1450 conscriptis
1013 1369 1077 1430 tres
1093 1364 1229 1448 reperies
1245 1363 1473 1429 similitudines
1488 1361 1550 1426 hue

360 1470 568 1554 pertinentes,
602 1469 955 1552 australesque
990 1470 1044 1535 ubi
1065 1470 1159 1553 poeta
1193 1467 1426 1554 navigationem
1462 1483 1550 1531 suem

363 1573 571 1656 periculosam
593 1572 627 1639 in
649 1574 776 1639 erilium
800 1575 858 1640 heo
882 1573 1002 1638 ratione
1025 1571 1191 1638 describit:

569 1700 653 1764 atpae
667 1711 773 1764 param
790 1694 901 1750 calidae
918 1710 975 1748 non
989 1693 1170 1764 proficientia
1187 1697 1276 1746 rector

621 1781 733 1838 cercina
750 1781 855 1852 ripidae
873 1779 960 1848 frena
978 1780 1094 1835 remittit
1113 1795 1188 1850 epac,

569 1869 608 1922 eie
626 1883 682 1922 non
700 1884 753 1939 qao
771 1869 866 1934 voluit,
885 1867 934 1923 aed
952 1883 1006 1938 pao
1023 1868 1101 1936 rapit
1118 1867 1234 1936 impetras
1251 1863 1355 1930 undae,

620 1956 749 2026 auripam
767 1955 845 2010 video
862 1955 921 2008 oeta
939 1953 1046 2010 01011000
1063 1955 1128 2021 rati,

359 2058 459 2124 Trist.
483 2059 512 2124 V
534 2061 565 2138 4,
593 2063 630 2126 15
653 2079 710 2144 sq„
734 2080 794 2144 quo
816 2061 884 2125 loco
910 2060 1043 2126 Ovidius
1066 2063 1103 2125 de
1126 2078 1158 2124 se
1192 2059 1259 2142 ipso
1288 2058 1369 2124 hanc
1399 2053 1546 2122 similitu·

359 2161 472 2226 dinem
494 2161 656 2228 adhibuit:

567 2281 624 2348 fert
641 2287 742 2348 tamen,
760 2287 792 2336 nt
810 2282 896 2347 debet,
916 2298 995 2337 casas
1009 2282 1153 2350 patienter
1170 2295 1285 2347 ornares,

619 2384 694 2423 neore
711 2384 761 2423 nec
778 2367 907 2423 indomiti
923 2368 1007 2435 frena
1025 2373 1133 2422 recanat
1152 2367 1222 2436 eqni,

359 2469 498 2553 denique
520 2489 557 2535 ex
579 2473 613 2537 P.
637 2471 688 2538 ΙΙΙ
711 2473 741 2551 9,
765 2475 880 2555 quain
904 2471 1042 2554 epistula
1064 2473 1104 2538 ad
1127 2473 1262 2537 Brutum
1284 2469 1401 2552 scripta
1417 2467 1547 2536 Ovidius

363 2573 438 2640 inde
461 2592 481 2640 a
502 2592 531 2638 v.
555 2574 597 2639 23
621 2575 762 2642 laborem
785 2579 959 2642 carminum
983 2575 1235 2659 corrigendorum
1259 2573 1341 2638 hunc
1364 2574 1396 2638 in
1418 2575 1547 2640 modum
1590 2643 1592 2648 ,

357 2678 552 2744 illustravit:

568 2782 705 2852 corripere
723 2788 753 2836 at
771 2797 815 2836 rea
834 2788 874 2837 eet
892 2787 972 2836 tanto
989 2781 1076 2851 000010
1092 2779 1193 2844 ardna,
1211 2784 1314 2848 paartto

619 2884 736 2938 mapnrm
753 2869 918 2924 Aristarcho
934 2869 1022 2922 maior
1039 2868 1176 2922 Homerus
1194 2873 1263 2922 erat.

566 2953 632 3008 meo
650 2955 774 3008 animam
792 2955 865 3010 lento
884 2970 1015 3008 cararum
1030 2953 1136 3025 fripore
1153 2954 1245 3020 laedit,

618 3045 702 3108 atque
720 3040 796 3094 acidi
815 3056 912 3095 carane
928 3039 1014 3105 frena
1031 3045 1151 3096 retentat
1168 3040 1239 3109 eqni.

360 3145 478 3230 quibus
501 3145 535 3210 in
568 3144 833 3211 similitudinibus
867 3144 1094 3212 conscribendis
1117 3142 1221 3210 Ovidii
1252 3145 1350 3210 menti
1385 3143 1544 3211 obversari

359 3243 465 3331 potuit
498 3246 632 3332 Vergilii
665 3246 769 3330 imago
799 3245 910 3332 Georg.
940 3247 1042 3312 1512
1076 3266 1154 3330 sqq„
1188 3246 1244 3312 ubi
1278 3248 1309 3313 iu
1343 3247 1420 3313 belli
1445 3247 1546 3315 civilis

357 3351 571 3433 descriptione
594 3352 680 3417 Mars
704 3352 770 3416 toto
792 3350 866 3415 orbe
890 3353 1023 3417 saevisse
1047 3351 1180 3418 dicitur:

563 3476 595 3526 nt
613 3487 675 3527 cnm
692 3471 847 3527 carceribus
864 3487 920 3526 ecee
938 3471 1057 3538 effudere
1074 3469 1233 3540 pnadripae,

564 3554 673 3612 aaaron:
690 3557 721 3612 in
738 3557 841 3626 spatia,
860 3562 886 3611 et
902 3557 1012 3626 frastra
1029 3556 1188 3611 retinacula
1205 3555 1322 3610 tenderes

563 3640 657 3710 fertur
674 3643 751 3712 equis
769 3643 878 3714 euripo,
896 3659 983 3712 nepae
1000 3641 1081 3696 audit
1098 3657 1199 3697 carrae
1216 3643 1348 3698 noemae.

356 3746 410 3811 cui
433 3745 499 3812 loco
521 3746 599 3812 adde
623 3745 733 3832 Georg.
757 3747 808 3812 III
831 3747 896 3812 250
918 3766 1002 3830 sqq.:

563 3881 657 3922 nonne
673 3865 758 3936 uides,
777 3873 809 3922 nt
827 3873 886 3923 tota
903 3874 1005 3923 tremor
1019 3872 1185 3937 pertemptet
1202 3883 1333 3937 epicorum

563 3967 691 4022 corpora,
710 3955 736 4008 ei
753 3959 864 4010 tantam
881 3960 962 4010 notae
980 3954 1048 4009 odor
1065 3956 1161 4009 attulit
1178 3953 1287 4009 auras?

563 4053 596 4092 ao
613 4054 701 4108 nepae
718 4055 763 4096 eos
780 4041 838 4096 ium
853 4041 935 4108 frena
952 4041 1044 4094 airam
1060 4057 1149 4110 neque
1164 4041 1278 4095 undere
1294 4055 1384 4105 saera,

563 4139 621 4179 non
638 4126 746 4194 eoopnli
763 4141 900 4196 mepeepae
918 4141 1001 4182 cauae
1018 4132 1102 4195 atque
1120 4127 1225 4182 obiecta
1240 4123 1388 4181 retardant

561 4210 680 4280 flanrina
697 4218 888 4282 eorreptoepae
904 4211 983 4268 00010
1001 4213 1160 4282 torpaentiu
1177 4215 1283 4270 monta.

354 4335 420 4400 qua
441 4316 475 4382 in
497 4337 530 4384 re
552 4318 785 4386 animadvertas
815 4321 911 4386 velim
943 4320 1026 4386 beno
1059 4321 1302 4405 descriptionem
1336 4320 1369 4387 iu
1394 4337 1432 4386 00
1453 4323 1541 4404 parte

355 4420 377 4485 1.
395 4420 447 4486 III
462 4419 573 4508 Georg.
590 4425 705 4502 extare,
722 4441 817 4506 quam
830 4421 977 4490 Ovidium
993 4424 1118 4508 penitus
1134 4423 1232 4489 menti
1254 4423 1383 4490 infixam
1393 4422 1543 4490 habuisse

356 4543 397 4589 ex
421 4523 491 4590 aliis
513 4523 745 4592 imitationibus
769 4545 862 4609 supra
884 4527 1053 4610 propositis
1077 4528 1288 4608 cognovimus.
1323 4543 1424 4609 neque
1447 4527 1486 4592 ab
1508 4543 1540 4590 re
