3366 5132
623 495 834 558 -47-

132 684 296 765 postquam
341 681 408 748 eius
453 684 606 768 originem
656 684 755 750 simili
797 687 917 750 ratione
961 703 997 749 ac
1042 685 1207 750 Lucretius
1253 704 1322 752 eam

132 785 257 868 Epicuri
286 784 303 848 I
333 786 373 852 67
404 805 470 870 sqq.
508 788 576 870 ipso
604 788 729 853 nomine
759 789 857 853 celato
886 788 1051 871 indicavit,
1085 788 1142 853 has
1177 789 1322 854 attribuit

133 889 310 953 doctrinas:

338 1025 369 1078 iu
388 1025 509 1081 medium
527 1026 660 1081 discenda
677 1028 761 1082 dabat
780 1033 923 1097 coetusque
940 1028 1070 1082 silentum

341 1110 471 1180 dictaque
490 1113 639 1167 mirantum
656 1115 750 1184 magui
764 1113 921 1183 priuoordiu
940 1113 1038 1167 muudi

339 1202 477 1250 atrorum
496 1214 593 1252 causas
612 1203 646 1260 et.
664 1200 731 1268 quid
749 1205 863 1267 ustura,
883 1200 1004 1262 docebat,

339 1283 405 1351 quid
424 1282 499 1348 deus,
519 1283 594 1337 uude
612 1285 696 1350 aives,
715 1302 784 1354 quoe
802 1285 930 1351 fulminis
948 1291 1018 1340 esset
1036 1287 1120 1356 oripo,

337 1369 468 1437 Iuppiter
487 1387 525 1423 au
543 1371 619 1426 ocuti
638 1372 761 1426 discusso
779 1373 851 1426 uude
868 1377 1006 1436 torrerent,

337 1456 406 1524 quid
424 1462 549 1524 quateret
566 1462 663 1520 terras,
682 1475 738 1526 qua
755 1458 848 1512 sidera
867 1458 924 1527 iope
942 1464 1073 1522 mearent,

338 1547 364 1595 ct
382 1542 570 1612 quodcumque
589 1544 666 1599 latet.

131 1682 169 1748 ci.
192 1701 242 1747 vv.
266 1683 309 1748 66
332 1700 398 1763 sqq.
422 1700 498 1763 quas
522 1682 679 1747 doctrinas
713 1701 820 1747 ornnes
844 1683 883 1748 ad
905 1684 1007 1766 ipsam
1029 1683 1225 1767 Pythagoraa
1256 1685 1320 1750 dis·

131 1783 280 1868 eiplinam
302 1785 403 1848 redire
425 1802 513 1866 posse
536 1784 678 1851 forsitam
695 1791 789 1870 neget
811 1787 933 1868 aliquis,
957 1788 1009 1869 qui
1025 1789 1150 1870 propter
1172 1790 1321 1854 naturam

130 1907 235 1954 eorum
258 1887 490 1972 principiorum,
514 1887 659 1971 aquibus
674 1888 864 1973 Pythagorei
886 1888 1016 1971 protecti
1039 1894 1120 1969 sunt,
1144 1889 1321 1973 suspicetur

133 1994 185 2057 hos
207 1994 247 2058 de
268 1991 501 2060 mathematicis
524 1993 615 2058 modo
638 1993 816 2075 torporibus
839 1993 1017 2076 disputasse
1040 1994 1073 2058 61
1099 1994 1133 2058 16
1156 1995 1199 2059 616
1223 1994 1321 2077 expli-

131 2097 238 2162 candis
271 2098 408 2160 versatos
441 2113 519 2160 6666.
555 2094 610 2159 661
632 2114 705 2161 cum
727 2096 958 2163 mathematicis
993 2115 1115 2180 quoque
1143 2093 1338 2182 corporibus

131 2199 418 2284 argumentationes
453 2199 492 2263 ad
521 2217 649 2282 corpora
682 2199 844 2265 sensibilia
870 2201 1063 2283 pertinentes
1093 2205 1320 2268 accommodari

129 2323 219 2388 posse
253 2301 439 2386 Pythagorei
474 2303 703 2380 existimarent,
745 2307 826 2369 certe
859 2303 925 2383 illi,
949 2303 982 2369 id
1017 2305 1097 2387 quod
1128 2306 1318 2372 Aristoteles

130 2405 304 2488 Memphi
320 2412 339 2472 8
361 2408 504 2484 testatur,
529 2410 566 2473 de
582 2407 753 2473 sensilibus
770 2409 865 2473 etiam
881 2407 1061 2491 corporibus
1075 2414 1222 2492 egerunt;
1246 2429 1336 2476 uam‘

129 2531 167 2578 en
190 2511 255 2577 suis
283 2511 461 2594 principiis,
496 2511 528 2576 id
563 2512 645 2594 quod
679 2513 1320 2589 661166166161616161661.66166661,

126 2634 189 2682 non
211 2614 371 2679 habebant
385 2616 539 2696 peculiare
555 2615 736 2698 quodpiam,
764 2619 846 2698 quod
862 2617 898 2681 de
914 2616 978 2682 illis
994 2615 1176 2700 proferrent.
1212 2618 1320 2700 itaque

130 2737 207 2784 sane
232 2717 358 2800 quidem
380 2718 447 2782 fieri
470 2720 582 2801 potuit,
612 2723 647 2784 ut
678 2720 715 2784 de
739 2720 782 2784 eis
804 2738 926 2802 quoque
950 2721 1055 2798 rebus,
1083 2739 1161 2802 quas
1190 2718 1321 2786 Ovidius

130 2821 329 2905 Pythagorae
364 2821 503 2899 ascribit,
533 2840 566 2886 re
598 2840 672 2886 vcra
705 2822 934 2906 disputaverint
969 2822 1168 2907 Pythagorei.
1206 2843 1321 2889 verum

130 2929 239 2992 tamen
263 2943 341 3009 nego
365 2928 459 3007 atque
482 2926 600 3008 denego
624 2925 774 2992 Ouidium
797 2928 845 2992 his
876 2928 1026 2992 doctrinis
1055 2928 1095 2993 ad
1123 2947 1230 2994 eorum
1258 2928 1321 2992 dis-

136 3029 300 3111 ciplinam,
335 3028 451 3092 nedum
484 3027 523 3092 ad
556 3029 658 3111 ipsam
680 3030 875 3116 Pythagorae
909 3031 1138 3114 philosophiam
1172 3049 1237 3097 sese
1266 3032 1321 3097 ad-

133 3132 275 3215 plicasse.
310 3129 501 3213 simulatque
524 3133 608 3196 enim
636 3133 728 3196 huius
754 3133 931 3216 philosophi
954 3153 1066 3199 nomen
1082 3134 1248 3217 profertur,
1271 3137 1322 3201 vel

135 3238 269 3301 maxime
290 3236 379 3301 nobis
401 3237 577 3302 cavendum
600 3240 657 3321 est,
681 3257 719 3302 66
734 3238 767 3303 16
783 3257 917 3304 errorem
932 3231 1130 3316 inducamur,
1147 3258 1218 3304 cum
1234 3240 1323 3304 nulla

136 3339 198 3404 fere
223 3339 422 3421 antiquitatis
446 3344 664 3420 personatam
688 3339 798 3405 multis
821 3343 949 3424 tamque
971 3342 1067 3407 uariis
1090 3342 1206 3407 fabulis
1231 3361 1319 3407 anor-

135 3447 208 3508 6616
231 3445 274 3507 611
298 3462 391 3525 quarn
414 3443 623 3527 Pythagoras.
647 3463 709 3525 qua
732 3445 769 3508 de
786 3465 819 3509 ra
833 3464 961 3528 prorsus
976 3447 1083 3511 valent
1099 3446 1212 3510 Zelleri
1228 3448 1322 3512 verba

133 3549 187 3612 illa
209 3547 293 3614 Phil.
316 3567 364 3630 gr.
387 3546 462 3612 1161.
488 3545 520 3610 1³
543 3547 605 3612 237
629 3567 692 3630 sq:
723 3539 837 3614 ‘Ueber
860 3551 920 3614 den
942 3549 1220 3633 Pythagoreismus
1255 3549 1320 3613 und

136 3651 240 3716 661666
258 3649 370 3715 Stilter
392 3651 483 3716 weiss
506 3670 566 3715 uns
591 3652 640 3716 116
660 3651 915 3737 Ueberlieterung
938 3674 991 3719 um
1007 3673 1039 3718 so
1055 3653 1144 3719 mehr
1159 3673 1197 3718 zu
1213 3671 1318 3735 sagon,

131 3754 162 3838 je
184 3755 294 3819 weiter
316 3753 361 3818 616
390 3754 446 3818 der
469 3754 538 3820 Zeit
572 3755 652 3819 nach
675 3774 736 3821 von
770 3758 877 3821 diesen
900 3756 1156 3840 Erecheinungen
1190 3756 1322 3841 abliegt,

135 3875 282 3941 wogegen
311 3857 355 3922 sie
384 3857 417 3922 in
448 3857 626 3924 demselben
654 3858 757 3924 Massa
787 3860 968 3944 einsilbiger
996 3860 1088 3939 wird,
1117 3861 1150 3924 in
1173 3862 1243 3926 darn
1266 3860 1322 3924 wir

135 3980 194 4026 uns
218 3961 291 4025 darn
314 3959 518 4043 Gegenstand
542 3963 641 4027 selbst
662 3962 785 4028 zeitlich
808 3955 988 4029 annabern?
1027 3964 1139 4048 quibus
1162 3965 1252 4029 rebus
1275 3964 1322 4029 ita

134 4064 323 4149 comparatis
347 4067 431 4130 certe
448 4083 537 4130 nemo
554 4065 623 4145 erit,
648 4068 700 4148 qui
717 4065 864 4132 Ovidium
880 4067 1029 4134 doctrinis
1046 4069 1110 4133 illis
1127 4069 1322 4153 Pythagorae

133 4167 367 4253 philosophiam
383 4170 570 4250 expressisse
586 4172 767 4250 contendat3
780 4171 878 4236 immo
895 4173 923 4238 si
938 4192 987 4237 me
1004 4173 1155 4253 consulas,
1177 4171 1321 4254 equidem

135 4269 301 4336 adfirmare
323 4289 384 4336 non
407 4273 516 4338 dubito
540 4271 700 4338 Nasonem
722 4273 903 4339 Lucretium
926 4278 999 4341 ante
1029 4276 1134 4340 oeulos
1163 4275 1321 4353 habuisse,

135 4393 229 4455 quem
252 4374 398 4439 inlibris
422 4375 588 4441 derasum
612 4381 725 4442 natura
748 4377 858 4442 iisdem
892 4380 929 4444 de
952 4381 1044 4444 rebus
1078 4396 1139 4443 666
1174 4397 1233 4444 666
1268 4380 1322 4443 661

136 4477 280 4561 pluribus
303 4477 379 4542 locis
404 4479 503 4562 egisse
526 4480 738 4563 copiosissime
763 4501 852 4547 nemo
875 4485 983 4549 666611.
