3366 5132
621 523 831 586 „15-

235 709 395 793 Luporum
416 727 516 794 genus
539 728 644 793 rapax,
669 728 730 793 qua
752 711 801 776 est
817 710 978 777 ferocitate
995 709 1218 794 sanguinisque
1234 710 1320 794 cupi·

134 812 242 889 ditata,
267 813 365 896 poetis
396 813 593 900 aptissimam
622 813 836 897 suppeditavit
865 814 1027 880 materiem
1053 811 1152 880 rabiei
1183 812 1318 880 crudeli·

134 915 272 1000 tatisque
309 916 522 983 illustrandae.
572 917 658 983 ouius
696 917 742 982 rei
780 919 977 999 praeclarum
1015 917 1100 982 extat
1137 918 1316 1000 exemplum

135 1019 171 1085 ll.
195 1040 215 1099 χ
237 1018 302 1086 262
328 1039 407 1104 sqq„
435 1039 496 1104 quo
526 1020 592 1086 loco
622 1024 709 1087 vates
732 1019 892 1088 Achillem
925 1019 1060 1100 Hectori,
1084 1020 1137 1103 qni
1164 1038 1236 1086 cum
1259 1021 1317 1085 illo

136 1122 243 1198 foedus
266 1123 349 1190 icere
372 1125 446 1202 volt,
470 1123 628 1190 dicentem
652 1124 746 1190 iacit:

344 1245 383 1307 ὡς
401 1247 453 1298 οὐκ
472 1245 532 1298 ἔστι
551 1245 648 1299 λέουσι
666 1249 712 1298 καλ
730 1245 869 1311 ἀνδοάσιν
889 1245 971 1312 ὅρκια
988 1244 1084 1309 πιστά,

341 1333 410 1385 οὺδὲ
428 1332 508 1385 λύκοι
525 1348 557 1387 τε
576 1333 622 1387 καλ
640 1333 725 1399 ἄρνες
743 1332 895 1400 ὁμόφρονα
914 1331 1005 1398 Θνμὸν
1024 1329 1146 1399 ἔχουσιν,

343 1416 415 1471 ἀλλὰ
433 1419 506 1471 κακὰ
525 1418 681 1486 φρονέουσι
700 1419 851 1486 διαμπερὲς
868 1417 1038 1486 ἀλλήλοισιν,

346 1503 385 1566 ὥς
404 1504 456 1557 οὐκ
474 1505 533 1558 ἔστ’
551 1504 600 1569 epe
618 1506 665 1557 καλ
682 1505 716 1558 σὲ
734 1503 895 1570 φιλήμεναι.
905 1504 935 1572 ¹⁴)

142 1623 233 1687 quam
262 1606 367 1671 locum
396 1607 565 1690 respiciens
600 1605 732 1674 Ovidius
762 1607 834 1673 Ibin
856 1627 885 1674 v.
909 1607 951 1673 43
973 1625 1019 1692 sq.
1043 1608 1089 1672 sic
1121 1605 1320 1688 adloquitur:

340 1742 403 1794 paor
420 1727 471 1780 erit
488 1727 554 1780 boec
571 1727 654 1793 nobis,
671 1727 756 1781 donec
773 1728 839 1782 mibi
856 1728 913 1781 cita
931 1727 1061 1793 manebit,

395 1829 456 1868 oum
474 1830 572 1882 pecore
590 1814 699 1880 infirmo
717 1831 788 1883 quoe
805 1816 872 1869 solet
891 1830 946 1869 csse
963 1815 1046 1882 lapis.

142 1917 194 1981 sed
227 1923 367 2000 spectare
400 1919 503 2002 potuit
536 1919 622 1986 Naso
657 1918 752 1986 etiam
779 1921 964 2000 Horatium,
999 1921 1087 1986 cuius
1121 1920 1208 2003 epod.
1230 1919 1252 1984 4
1275 1918 1321 1984 sio

139 2020 318 2086 incohatur:

346 2107 420 2175 lapis
439 2113 464 2161 et
482 2109 565 2178 spois
582 2114 687 2178 quanto
704 2109 801 2162 sortito
819 2107 919 2178 occipit,

395 2200 483 2248 tecam
500 2196 567 2250 milet
584 2194 755 2250 discordiosi.

141 2301 172 2362 in
194 2297 323 2380 reliquis
348 2303 455 2364 antem
477 2299 740 2365 similitudinibus
763 2319 779 2363 e
801 2299 949 2383 luporum
972 2299 1075 2364 indole
1091 2297 1199 2382 petitis
1215 2317 1322 2381 quam-

142 2419 234 2483 quam
252 2399 381 2467 Ovidius
398 2404 504 2485 poetas
521 2405 740 2469 antecedentes
756 2404 938 2486 neutiquam
956 2403 995 2468 ad
1011 2401 1162 2468 amussim
1177 2401 1322 2468 imitatus

143 2507 204 2583 est,
233 2508 340 2570 tamur
363 2505 538 2587 imaginum
561 2508 687 2573 illarum
710 2507 790 2572 ratio
812 2507 925 2572 similis
948 2506 995 2571 est
1017 2507 1063 2584 ei,
1093 2525 1154 2588 qua
1184 2506 1323 2572 eiusdem

142 2607 260 2689 generis
284 2608 507 2674 similitudines
542 2613 625 2693 apud
647 2612 820 2675 Homerum
854 2610 994 2693 aliosque
1027 2611 1134 2692 poetas
1157 2609 1322 2675 institutas

142 2727 205 2774 esse
244 2709 398 2777 videmus.
428 2711 473 2777 sic
495 2711 576 2777 Met.
599 2713 674 2777 XIV
697 2713 759 2778 778
782 2731 848 2795 sqq.
880 2711 1067 2778 Sabinorum
1088 2712 1224 2794 impetus
1248 2730 1321 2778 noc·

143 2813 253 2878 turnus
277 2813 312 2877 in
334 2814 444 2879 urbem
468 2813 526 2880 hac
548 2815 727 2880 illustratur
750 2814 970 2881 similitudine:

343 2932 409 2988 inde
425 2935 479 2987 soti
500 2933 618 2988 Curibus
636 2935 783 2988 tacitorum
799 2950 873 2988 more
892 2935 1020 3003 luporum

347 3034 393 3072 ore
407 3026 538 3087 premunt
556 3036 631 3075 occas
650 3027 675 3075 et
694 3037 811 3089 corpora
829 3021 902 3075 oicta
919 3037 1016 3090 sopore

347 3105 488 3160 invadam
504 3113 651 3175 portasque
666 3111 773 3176 patrarat.

146 3227 204 3292 qua
233 3211 267 3274 in
296 3229 329 3274 re
358 3210 486 3277 Ovidius
515 3212 584 3276 sine
614 3211 708 3279 dubio
738 3216 812 3279 anto
840 3213 945 3279 oculos
974 3212 1087 3279 habuit
1116 3212 1211 3298 Verg.
1244 3213 1321 3278 Aen.

143 3311 258 3378 11355
282 3331 359 3398 sqq,
387 3314 441 3379 ubi
476 3316 596 3381 Aeneas
626 3318 730 3381 narrat
762 3335 795 3381 se
824 3335 956 3400 suosque
984 3316 1081 3383 socios
1111 3315 1257 3381 similiter
1288 3334 1324 3381 ac

144 3417 241 3500 lupos,
266 3415 320 3499 qui
341 3435 396 3498 per
418 3421 503 3482 atras
527 3417 657 3484 nebulas
680 3418 829 3501 praedam
851 3419 991 3502 rapiant,
1016 3420 1105 3484 nocte
1126 3438 1180 3501 per
1203 3418 1267 3482 tela
1291 3423 1322 3485 et

145 3518 244 3584 hostes
268 3517 419 3602 proiectos
442 3537 521 3585 esso:

759 3605 826 3660 iada
844 3606 972 3674 lupiaco

349 3697 475 3758 raptores
493 3692 606 3746 otreio
623 3691 732 3758 cabulo,
749 3708 816 3761 quos
833 3691 951 3760 inprobo
968 3691 1069 3746 omres

353 3778 440 3846 eoepit
459 3793 549 3832 caecos
568 3778 667 3842 rabies,
687 3777 826 3845 catulique
845 3778 934 3833 relicti

342 3863 473 3927 saucibus
492 3869 639 3932 expectato
656 3865 741 3928 siccis,
757 3879 810 3932 por
828 3864 890 3927 telo,
908 3878 962 3932 per
980 3863 1066 3916 bootes

348 3949 474 4003 cadimus
491 3949 568 4004 baud
586 3949 698 4003 dubiam
716 3950 748 4003 o'n
768 3955 886 4013 mortem,
906 3949 1064 4017 mediaeque
1083 3955 1205 4004 taumate

349 4036 426 4090 urbis
443 4036 512 4090 iter:
529 4052 585 4090 nox
601 4041 667 4090 atra
684 4052 753 4091 occa
770 4037 947 4090 circumvolat
964 4037 1069 4092 umbra.

147 4139 232 4205 cuius
270 4139 418 4224 imaginis
459 4143 613 4207 extremus
655 4161 761 4207 vorsus
802 4140 946 4227 congruit
980 4161 1049 4207 oum
1085 4141 1190 4209 Ovidii
1221 4142 1326 4208 verbis

147 4237 322 4311 ‘tacitorum
344 4264 430 4311 moro
453 4246 600 4327 lnporum
621 4265 676 4310 oro
697 4248 845 4330 premunt
867 4245 978 4328 voces,
1009 4247 1118 4329 utpote
1141 4264 1214 4312 cum
1235 4250 1325 4312 utru-

148 4345 238 4430 bique
259 4349 395 4432 impetus
418 4351 588 4414 nocturnus
612 4348 813 4415 describatur.

250 4553 284 4622 ¹⁴)
302 4555 374 4609 unde
385 4554 535 4623 turcopulis
547 4555 617 4624 opud
630 4555 743 4612 Graecos
755 4558 784 4609 in
798 4555 969 4624 proverbium
981 4553 1065 4621 abiit3
1084 4553 1119 4608 oi.
1129 4552 1203 4610 Plat.
1213 4553 1291 4634 epist.
1301 4559 1326 4608 3.
