3370 5134
617 495 852 559 -153-

338 696 403 744 ,ecce
421 680 590 736 Sabinorum
603 679 697 748 probeo
715 679 749 734 dc
767 681 904 750 66666166
923 697 1053 750 manaem

343 783 441 837 cymen
458 781 541 837 apem
564 765 681 821 0166666
700 767 881 835 moysique
899 768 959 836 ipsc
977 768 1126 837 comicis
1143 769 1272 824 instar.

239 888 325 970 Quas
340 891 504 971 postquem
520 888 682 971 disputata
697 891 780 963 6661.
804 889 869 954 iam
885 891 1021 954 manime
1042 908 1113 974 pars
1138 891 1204 958 e'ius
1229 910 1325 975 quae·

136 990 263 1068 ationis,
298 1010 392 1074 quam
426 991 521 1057 tertio.
552 992 617 1057 loeo
651 995 851 1058 tractandam
884 991 973 1056 nobis
1008 995 1243 1078 proposuimus,
1286 995 1325 1060 ad

136 1094 231 1159 finem
254 1096 406 1177 perducta
428 1099 491 1178 est,
515 1113 589 1160 nam
611 1111 783 1178 perpaucae
805 1096 932 1160 tantum
955 1095 1061 1160 entant
1071 1097 1228 1179 imagines
1246 1096 1324 1163 Ovi·

136 1197 257 1277 dianae,
281 1198 395 1281 quibus
418 1196 502 1264 Naso
525 1201 700 1265 ceterorum
723 1198 933 1268 aetatissuae
968 1204 1133 1281 poetarum
1166 1202 1322 1282 spectavit

134 1303 367 1369 anctoritatem.
390 1320 470 1384 qnae
492 1302 600 1384 quales
623 1303 697 1380 sint,
721 1303 786 1368 iam
809 1301 981 1368 videamus.

238 1405 286 1470 Ac
317 1404 454 1489 primum
488 1405 614 1488 quidem
647 1406 797 1489 temporis
828 1407 948 1471 ratione
982 1407 1146 1471 observata
1175 1424 1227 1471 eas
1250 1425 1323 1488 per·

133 1511 312 1574 scrutemur
344 1508 515 1592 imagines,
549 1508 661 1592 quibus
684 1507 815 1575 Ovidius
838 1508 989 1573 Honnsrr
1017 1507 1149 1592 vestigia
1171 1511 1321 1593 pressisse

134 1609 272 1677 uidetur.
309 1629 370 1694 qua
402 1613 436 1676 in
476 1631 508 1675 re
547 1609 677 1677 initium
716 1611 867 1676 faciamus
908 1612 947 1676 ab
986 1609 1142 1693 imagine,
1179 1612 1216 1677 dc
1251 1630 1324 1695 qua,

134 1732 213 1778 num
236 1731 306 1778 eam
328 1713 473 1779 hocloco
508 1717 693 1791 tractarem,
728 1713 921 1796 aliquamdiu
955 1714 1159 1781 haesitabam.
1197 1717 1326 1783 constat

135 1816 222 1882 enim
246 1820 355 1898 poetas
379 1816 515 1884 Graecos
548 1817 730 1900 saepissime
764 1817 995 1902 metaphorica
1023 1817 1097 1902 iugo
1131 1819 1323 1901 depromptis

135 1939 210 1987 usos
234 1941 300 1986 esse
335 1924 375 1987 ad
397 1923 593 1988 matrimonii
628 1923 694 1987 vim
724 1923 955 1987 illustrandam.
995 1922 1083 1987 cuins
1106 1923 1323 1989 translationis

135 2023 391 2107 frequentissima
426 2028 532 2091 extant
566 2029 706 2109 exempla
738 2026 822 2108 apud
855 2026 991 2108 tragicos
1027 2023 1176 2105 Graecos,
1212 2028 1324 2110 quibus

134 2130 245 2194 161666
267 2130 485 2211 percensendis
502 2128 551 2194 bio
568 2130 752 2210 supersedeo
770 2129 823 2212 (cs.
840 2128 982 2213 Rappold
997 2147 1026 2210 p.
1046 2129 1109 2210 16).
1132 2134 1225 2213 atque
1240 2131 1320 2196 bane

134 2231 377 2297 translationem
393 2233 488 2298 etiam
504 2231 650 2298 Ovidium
674 2233 707 2295 in
724 2232 916 2322 carminibus
938 2231 1012 2310 suis,
1035 2230 1069 2295 16
1088 2231 1199 2313 primis
1214 2232 1248 2296 in
1264 2232 1328 2312 eis,

135 2327 269 2420 166661
286 2353 335 2400 res
353 2336 522 2401 amatorias
538 2335 705 2418 pertinent,
723 2328 901 2419 saepissime
917 2343 1084 2418 usurpasse
1099 2354 1187 2400 nemo
1210 2334 1322 2400 nescit.

135 2440 212 2522 quid
235 2440 317 2522 quod
341 2439 501 2503 aNasone
516 2425 641 2503 tan'tum
658 2449 823 2503 nnmerum
844 2438 957 2503 harum
972 2437 1214 2504 translationum
1234 2456 1323 2502 eum-

135 2562 199 2626 que
223 2545 312 2608 tanta
334 2543 488 2607 varietate
512 2546 544 2606 61
566 2544 708 2606 ubertate
730 2539 912 2606 adhibitum
940 2541 1095 2618 videmus,
1128 2543 1263 2623 quantus
1287 2540 1322 2605 in

136 2645 202 2712 alio
224 2651 317 2727 poeta
339 2663 401 2710 non
423 2646 589 2728 reperitur.
613 2648 666 2710 sed
689 2663 885 2727 nequaqnam
910 2645 1056 2708 omnibns
1080 2643 1159 2709 locis
1190 2643 1323 2708 transla-

134 2751 237 2814 tiones
260 2747 333 2813 illae
362 2749 608 2814 similitudinum
636 2766 765 2812 munere
795 2735 997 2830 funguntur,
1017 2748 1114 2812 immo
1142 2746 1324 2836 plerumque

135 2852 223 2918 tauri
246 2853 278 2917 61
299 2853 423 2919 iuvenci
456 2852 566 2934 iugum
596 2856 777 2935 respuentes
808 2852 842 2914 16
870 2850 1092 2933 descriptiones
1123 2849 1324 2928 inducuntur,

134 2974 226 3040 quae,
250 2973 322 3019 oum
344 2974 406 3021 non
429 2961 495 3020 tam
518 2954 551 3020 in
573 2957 667 3021 rebus
689 2954 887 3021 illustrandis
911 2963 1084 3033 uersentur,
1108 2951 1203 3037 quam
1217 2936 1322 3020 rernm

135 3062 283 3128 naturae¹
305 3077 377 3127 cum
414 3059 578 3124 hominum
616 3059 682 3124 vita
720 3058 883 3124 collatione
922 3058 1055 3140 quadam
1093 3058 1320 3138 contineantur,

136 3163 268 3231 minime
283 3162 367 3229 inter
379 3161 603 3228 similitudines
615 3162 794 3228 referendae
806 3164 891 3228 sunt.
906 3161 1060 3226 nimirum
1070 3178 1132 3226 non
1145 3161 1321 3238 defuerunt,

135 3265 193 3350 qui
214 3265 383 3331 discrimen
404 3264 487 3329 inter
509 3264 734 3332 similitudines
756 3267 788 3329 et
810 3263 992 3329 collationes
1007 3281 1068 3328 non
1087 3266 1234 3328 curantes
1251 3263 1317 3328 eius

136 3369 223 3438 modi
258 3369 479 3452 descriptiones
513 3368 669 3451 imagines
703 3387 769 3432 esse
803 3368 987 3432 statuerent.
1026 3385 1157 3449 quorum
1187 3366 1225 3431 de
1249 3384 1320 3430 sen·

134 3473 244 3537 tentiis
268 3471 343 3554 quid
366 3471 455 3538 nobis
478 3471 679 3536 iudicandum
702 3470 755 3549 sit,
779 3471 841 3535 iam
857 3487 950 3552 supra
966 3468 1103 3552 exposui.
1128 3469 1206 3534 tales
1224 3469 1324 3552 igitur

135 3575 359 3658 descriptiones
376 3593 438 3640 uon
455 3574 600 3656 estquod
617 3573 673 3640 boc
689 3574 754 3639 loco
767 3576 988 3641 examinemus.
1011 3573 1149 3655 itemque
1162 3571 1323 3660 dissimili-

136 3680 291 3757 tudinem,
315 3677 625 3760 quaOsidiusexP.
643 3676 738 3758 1117,
759 3677 799 3743 15
816 3695 861 3759 sq.
882 3677 922 3741 61
945 3676 1042 3754 mala,
1066 3675 1178 3758 quibus
1200 3688 1329 3759 preme-t

135 3784 240 3861 batur,
262 3780 464 3864 significanda
487 3799 562 3845 usus
578 3785 637 3860 est,
661 3783 754 3847 verbo
770 3783 897 3846 tantum
912 3796 1156 3846 commemorare
1172 3777 1319 3843 sufficiet.

136 3884 252 3969 quibus
274 3887 366 3950 rebus
389 3884 435 3950 ita
458 3883 648 3967 comparatis
672 3902 743 3949 eum
766 3886 834 3949 tam
859 3882 969 3948 multis
991 3883 1069 3948 locis
1093 3880 1223 3947 Ovidius
1254 3899 1323 3946 eam

136 3988 316 4055 adhibuerit
338 3986 591 4072 descriptionem,
614 4005 694 4070 quae
717 3990 755 4053 ad
778 3990 942 4052 taurorum
960 3986 1039 4069 iuga
1061 3973 1209 4068 pertinet,
1230 3984 1262 4048 et
1284 3986 1324 4049 ab

136 4093 238 4158 altera
261 4093 350 4173 parte
371 4094 494 4156 constet
526 4091 590 4155 iam
617 4091 749 4156 Graecos
783 4093 889 4172 poetes
913 4108 948 4152 cn
971 4090 1081 4158 eadem
1114 4107 1147 4153 re
1169 4086 1323 4170 plurimas

137 4197 362 4280 deprompsisse
393 4195 634 4272 translationes,
658 4194 770 4277 qnibns
794 4193 989 4257 matrimonii
1011 4195 1159 4270 naturam
1181 4191 1322 4257 illustra·

136 4301 216 4382 rent,
241 4298 325 4365 haud
349 4299 441 4364 facile
465 4301 653 4364 constituere
687 4296 776 4374 lieet,
800 4315 860 4379 qno
883 4317 919 4362 ex
952 4295 1039 4360 fonte
1066 4294 1190 4360 fluxerit
1212 4293 1318 4378 imago

137 4403 202 4484 illa,
228 4422 322 4486 quam
344 4402 426 4468 Naso
451 4401 541 4485 epist.
566 4402 612 4466 IX
635 4422 663 4466 v.
686 4401 729 4466 29
752 4419 797 4482 sq.
828 4398 996 4465 Deianirae
1019 4398 1147 4463 Herculi
1169 4396 1321 4464 scribenti

136 4507 263 4572 tribuit:
1186 4515 1188 4522 ’
