3366 5132
665 1465 889 1580 VITA.
1009 1499 1011 1503 ·

304 1923 415 2025 Natus
439 1980 508 2026 sum
527 1963 664 2033 loannes
680 1963 832 2034 Andreas
848 1964 1004 2039 llaslriefl
1027 1986 1054 2034 a.
1071 1969 1101 2032 d.
1119 1967 1180 2033 ΙΙΙ.
1197 1967 1262 2032 Cal.
1279 1967 1367 2034 Febr.

185 2118 214 2164 a.
243 2098 499 2165 MDCCCLVIII.
529 2103 683 2186 Leipnikii
718 2105 749 2168 in
779 2105 936 2170 Menariae
975 2105 1086 2187 oppido
1114 2111 1203 2188 patre
1233 2108 1368 2184 Andrea,

184 2240 289 2303 matre
309 2239 464 2318 Thereeia,
489 2259 564 2322 quos
587 2241 686 2307 adhuc
709 2244 811 2308 virere
835 2244 1003 2308 admodum
1026 2243 1135 2308 lacior.
1159 2245 1252 2310 fidem
1275 2245 1367 2328 profi-

185 2383 255 2444 teor
278 2379 476 2445 calholicam.
499 2383 609 2462 primis
624 2366 805 2446 lilterarum
821 2382 986 2447 elementis
1008 2345 1130 2464 epatre
1147 2385 1212 2465 ipso
1227 2383 1368 2448 imbulus

186 2517 323 2600 primum
337 2520 535 2603 gymnasium
549 2519 773 2587 Slolrerauense
785 2540 840 2603 per
853 2521 1022 2587 triennium
1034 2522 1238 2604 frequentavi,
1249 2527 1367 2605 postea,

189 2641 260 2723 oum
282 2663 370 2741 paler
394 2660 612 2726 vindobonam
636 2643 819 2746 migrasset,
835 2666 864 2727 ei
888 2663 953 2744 ipse
976 2663 1008 2726 in
1031 2662 1111 2727 hanc
1135 2662 1243 2758 urbem
1266 2667 1367 2728 trans-

185 2801 299 2866 ductus
336 2803 554 2886 gymnasium,
599 2803 680 2884 quod
720 2801 751 2866 in
790 2802 936 2868 suburbio
974 2803 1161 2885 Leopoldino
1198 2802 1288 2867 floret
1326 2802 1365 2868 ab

182 2937 224 3002 A.
251 2937 456 3022 Pokornyo
479 2939 722 3023 prudentissime
739 2940 960 3022 gubernatum,
985 2940 1048 3004 adii
1071 2943 1101 3005 ei
1118 2941 1218 3006 lustro
1240 2946 1365 3024 percolo

182 3075 229 3139 ibi
254 3078 447 3166 mauritanis
471 3082 549 3161 quod
574 3078 690 3144 dicitur
715 3079 893 3144 testimonio
916 3097 984 3143 sum
1009 3080 1194 3147 instructus

290 3179 358 3280 Iam
388 3235 415 3280 a.
446 3215 744 3282 MDCCCLXXVH.
781 3237 800 3282 a
830 3215 863 3282 G.
893 3217 1099 3298 Wernero,
1134 3221 1203 3282 tum
1237 3222 1365 3298 rectore,

185 3355 400 3422 universitatis
428 3356 605 3422 litterarum
634 3356 880 3421 vindobonensis
910 3357 1029 3423 civibus
1058 3357 1235 3441 adscriptus
1264 3358 1366 3440 philo-

185 3495 288 3576 logice
311 3500 341 3561 ef
364 3496 577 3580 philosophiae
600 3496 712 3562 studiis
736 3516 790 3579 per
814 3501 883 3562 oclo
906 3497 1050 3580 deinceps
1076 3497 1182 3562 vacari
1205 3499 1366 3563 semestria

184 3637 217 3698 ei
256 3635 399 3701 docentes
432 3637 537 3701 audivi
574 3636 763 3720 professores
798 3635 1041 3702 illustrissimos:
1078 3636 1365 3701 Emmanuelem

182 3774 418 3852 Hoffmann,
465 3776 708 3842 Guilelmum
745 3776 907 3851 Hariel,
948 3772 1131 3853 Carolum
1177 3773 1366 3856 Schenkl,

183 3913 428 3979 Theodorum
451 3916 657 3996 Gomperz,
681 3912 951 3978 Friedericum
970 3912 1157 3992 Mueller,
1182 3912 1366 3978 Ottonem

182 4052 441 4132 Hirschfeld,
470 4054 712 4120 Michaelem
747 4053 977 4130 Gitlbauer,
1012 4053 1229 4118 Robertum
1259 4051 1367 4116 Zim-

182 4213 403 4271 mermann,
439 4195 684 4259 Theodorum
714 4193 835 4275 Vogt,
871 4193 1129 4257 Francisoum
1158 4191 1365 4256 Brentano.

181 4333 278 4397 tertio
301 4333 475 4398 studiorum
498 4351 639 4398 meorum
662 4351 742 4397 anno
772 4334 802 4397 in
837 4331 991 4397 sodalium
1024 4331 1183 4396 seminarii
1215 4331 1367 4413 philologi

181 4491 349 4538 numerum
386 4477 529 4558 receptus
565 4475 705 4539 virorum
748 4491 957 4548 summorum,
997 4473 1031 4536 ll.
1069 4470 1366 4544 Hoffmanni,

182 4611 444 4692 G.'Hartelii,
467 4613 499 4679 O.
524 4613 752 4680 Schenkelii
775 4611 1004 4690 benevolentia,
1027 4630 1082 4694 per
1097 4612 1245 4692 quattuor
1268 4627 1367 4674 seme-
