3366 5132
602 527 819 594 ..83-

109 733 210 783 unam
223 719 440 784 tantummodo
454 735 578 783 causam
591 717 727 800 proferre
745 719 875 784 solitum
891 736 968 798 esse,
991 719 1045 783 scd
1060 737 1185 803 semper
1199 717 1304 802 plures

109 819 339 904 explicationes
362 823 395 886 in
418 823 565 906 promptu
588 821 711 905 hebere,
743 821 850 898 ueluti,
874 839 930 887 our
952 819 1046 887 Nilus
1069 821 1304 904 intumesceret,

107 923 217 990 tribus
239 924 340 990 causis
356 925 417 1004 uel,
433 943 489 990 cur
500 943 590 990 mare
605 943 667 991 non
684 926 864 1004 exundaret,
888 925 1039 1008 quattuor
1055 925 1156 992 causis
1172 924 1304 1009 prolatis

107 1027 308 1112 explicavit?
331 1030 425 1112 atquo
448 1029 553 1094 nescio
577 1047 618 1094 au
640 1029 699 1096 hac
721 1029 755 1094 in
777 1033 866 1112 parte
880 1029 998 1095 amissa
1015 1031 1118 1096 etiam
1141 1047 1178 1096 ec
1199 1029 1303 1110 varta,

108 1151 193 1214 quae
216 1131 336 1197 Nonius
359 1131 498 1198 Lucretii
521 1150 587 1198 csso
602 1133 702 1198 tradit
724 1127 875 1199 ‘tantus
898 1133 1149 1200 conduxerat
1172 1132 1305 1200 omnia

108 1225 275 1318 torpor‘,
309 1236 414 1317 aptum
437 1237 541 1302 sedem
564 1237 797 1317 nanciscantur,
819 1238 931 1320 utpote
955 1255 1027 1303 cum
1049 1235 1236 1302 facillimum
1257 1237 1305 1302 sit

106 1339 150 1404 ad
165 1340 359 1404 credendum
375 1339 558 1405 Lucretium
575 1357 710 1420 censam,
735 1340 906 1406 cursantes
930 1340 1033 1406 hieme
1055 1340 1304 1406 intermitterent

109 1443 162 1508 vol
187 1443 372 1528 pauperiore
395 1442 529 1508 fluerent
551 1461 641 1522 vona,
664 1443 711 1508 ita
734 1444 913 1528 explicasse,
938 1443 975 1508 ut
997 1434 1168 1526 ‘torporem
1197 1444 1303 1522 onnia

106 1545 298 1611 conducere’
320 1546 443 1612 dixerit.

219 1647 337 1728 Quodsi
360 1650 486 1717 Servius
510 1669 589 1729 eam,
611 1669 691 1734 quoe
714 1652 803 1716 nobis
828 1657 951 1717 seruate
974 1645 1032 1732 est,
1056 1650 1304 1733 disputationem

106 1755 148 1818 dc
182 1753 321 1820 fontium
351 1756 505 1821 caloribus
534 1759 566 1820 at
594 1753 766 1840 frigoribus
794 1756 963 1840 respiciens
994 1755 1092 1820 tradit
1121 1753 1303 1819 Lucretiam

105 1873 231 1940 aquam
253 1858 411 1941 putealem
432 1859 465 1925 in
482 1862 706 1944 argumentum
723 1861 866 1946 traxisse,
890 1877 951 1946 quo
967 1861 1222 1944 comprobaretur
1245 1855 1303 1925 sut

106 1961 208 2027 terris
232 1961 370 2028 hiemem
385 1983 462 2044 csse,
487 1981 559 2030 cum
582 1983 677 2048 supra
692 1969 796 2032 costas
814 1967 906 2045 esset,
928 1969 962 2031 ct
977 1967 1046 2031 rice
1060 1983 1160 2044 uersa,
1185 1963 1304 2029 fontem

105 2070 221 2131 autom
242 2067 336 2134 modo
360 2068 542 2151 pauperiore
564 2067 655 2134 modo
679 2069 816 2154 largiore
839 2087 920 2153 aqua
941 2069 1099 2148 fluentem,
1125 2087 1218 2151 quom
1241 2083 1304 2137 noo

105 2170 219 2234 minus
253 2169 292 2234 ad
326 2171 456 2238 eandem
490 2172 682 2240 sententiam
712 2173 977 2256 comprobandam
1012 2171 1046 2238 iu
1078 2172 1304 2258 argumentum

107 2272 248 2340 traxisse
272 2274 361 2342 nobis
384 2274 506 2343 ridetur
529 2275 709 2357 Lucretius,
731 2296 770 2342 ne
793 2277 889 2344 verbo
912 2277 1040 2360 quidem
1067 2278 1302 2361 commemorat,

104 2379 172 2444 hac
195 2395 229 2442 re
251 2375 436 2460 neutiquam
459 2378 654 2446 offendamur
674 2397 802 2447 necesse
826 2383 881 2464 est,
912 2381 1059 2464 queniam
1082 2399 1136 2463 per
1156 2398 1192 2446 se
1216 2383 1304 2463 patet

105 2481 394 2552 commentatorem
416 2483 449 2548 id
470 2483 597 2548 tautum
620 2485 753 2568 elegisse
776 2487 1010 2568 argumentum,
1034 2485 1118 2568 quod
1142 2484 1169 2548 ei
1188 2482 1304 2550 certius

104 2588 208 2670 atque
232 2585 411 2652 euidentius
435 2605 502 2652 esse
525 2586 702 2656 videbatur.

219 2691 336 2755 Verum
351 2689 411 2754 hoc
432 2692 507 2756 utut
523 2692 580 2771 est,
605 2709 641 2756 ea
655 2692 821 2776 sententia,
839 2711 875 2758 ex
889 2711 951 2776 que
965 2692 1149 2758 Lucretium
1166 2711 1303 2774 causam,

105 2813 169 2860 cur
184 2792 257 2860 fons
273 2794 434 2859 interdum
449 2795 686 2874 intermitteret,
702 2797 747 2862 ita
763 2797 932 2882 explicasse
948 2798 1120 2882 opinamur,
1137 2800 1174 2862 ut
1189 2797 1303 2864 limum

108 2914 210 2963 venas
232 2897 266 2962 in
288 2898 382 2962 undis
411 2915 570 2963 excaecare
593 2899 720 2977 diceret,
754 2900 843 2965 nobis
877 2899 1003 2984 quidem
1026 2901 1106 2966 sctis
1130 2904 1215 2967 certa
1236 2920 1303 2968 esse

107 3001 251 3066 videtur.
274 3000 348 3083 quid
372 3001 454 3066 enim
477 3002 653 3085 perversius
677 3021 743 3068 esse
764 3003 879 3085 potest,
903 3021 998 3088 quum
1019 3003 1077 3069 hoo
1100 3005 1162 3070 sibi
1176 3024 1303 3088 persua·

106 3107 185 3170 dere
213 3104 396 3170 Lucretium
425 3123 444 3170 a
472 3105 679 3188 disputatione
713 3106 750 3172 de
780 3107 908 3173 lacubus
937 3106 1071 3172 Auernis
1100 3107 1140 3174 ad
1168 3107 1302 3175 fontium

106 3210 232 3292 frigora
255 3212 286 3273 et
310 3207 429 3274 calores
454 3229 490 3274 aa
512 3207 632 3287 vocula,
658 3227 736 3293 quae
759 3212 807 3277 est
828 3210 862 3276 in
884 3230 913 3275 u.
937 3209 1017 3277 840:

318 3328 451 3400 frigidior
464 3345 574 3400 porro
592 3331 623 3386 a'rr
637 3331 734 3400 porcis
751 3337 854 3390 ammte
870 3331 904 3399 fit
922 3348 1002 3388 octor

106 3434 280 3500 interiecta
312 3435 483 3502 transisse?
517 3442 601 3502 certe
636 3438 711 3503 licet
745 3457 855 3504 verum
887 3441 932 3504 sit
966 3440 994 3504 ei
1026 3457 1083 3522 por
1113 3439 1215 3506 fatum
1239 3456 1303 3503 non

106 3538 240 3604 licuisse
262 3555 376 3620 poema
399 3557 492 3605 suum
514 3541 675 3606 absolvere
700 3560 736 3607 ac
758 3542 901 3628 singulas
932 3545 1039 3626 partes
1069 3545 1100 3607 ct
1128 3542 1213 3608 recta
1236 3542 1301 3608 dis·

106 3661 226 3725 ponere
264 3642 296 3706 et
330 3647 403 3724 apte·
424 3643 507 3708 iuter
529 3663 560 3708 se
583 3647 757 3724 conectere,
791 3648 897 3711 tamen
931 3663 1022 3710 nemo
1056 3641 1106 3711 illi
1128 3646 1302 3711 sententiae

105 3744 370 3830 adstipulabitur,
394 3748 544 3828 quoniam
567 3767 584 3813 e
607 3767 636 3814 v.
660 3748 735 3830 845,
759 3751 812 3815 ubi
835 3750 945 3815 cadem
974 3749 1094 3830 legitur
1123 3749 1301 3815 coniunctio

105 3864 247 3932 pom·
319 3932 426 4004 frigore
444 3950 505 3989 ocor
519 3937 658 4004 premitur
670 3952 759 4006 porro
777 3938 864 3994 omorio
882 3943 961 3995 terro
979 3939 1094 4008 coitque,

106 4037 286 4104 clarissime
310 4038 399 4120 petet
418 4038 479 4104 hoc
511 4041 695 4108 adverbium
717 4045 750 4111 iu
776 4045 878 4129 priore
912 4063 1033 4128 quoque
1067 4064 1160 4111 versu
1194 4047 1304 4111 eodem

106 4160 208 4208 sensu
228 4141 407 4210 adhibitum
436 4161 619 4228 essequam
642 4148 674 4212 in
700 4149 871 4231 posteriore
894 4167 1002 4232 uersu,
1025 4149 1232 4230 itascilicet,
1267 4150 1304 4214 ut

107 4249 288 4333 disputatio
312 4251 349 4314 dc
371 4269 434 4316 uua
457 4251 625 4333 cademque
647 4269 681 4316 re
707 4253 918 4332 continuetur,
947 4270 1008 4317 non
1037 4255 1143 4318 autem
1174 4255 1213 4319 ab
1242 4269 1305 4320 una

107 4376 145 4421 re
171 4355 212 4420 ad
235 4353 331 4420 eliam
354 4355 447 4436 plane
470 4355 624 4420 diversam
649 4357 838 4422 transeatur.
862 4355 890 4422 si
913 4356 1012 4438 igitur
1026 4357 1092 4422 iam
1107 4360 1180 4422 ante
1194 4376 1223 4423 r.
1240 4355 1305 4422 840

106 4457 285 4542 disputatio
308 4456 341 4522 in
357 4456 494 4524 fontium
509 4459 623 4524 natura
640 4456 823 4541 explicanda
838 4460 962 4525 versata
974 4461 1035 4542 est,
1051 4459 1200 4544 quidnam
1217 4457 1303 4524 aliud

107 4563 171 4628 hac
192 4560 226 4626 in
248 4561 338 4644 parte
361 4563 504 4645 exposuit
526 4561 692 4628 Lucretius
730 4580 823 4644 quam
845 4561 947 4628 fontes
970 4564 1121 4644 quosdam
1145 4563 1304 4629 interdum

1163 4665 1200 4718 5·
