3366 5132
621 525 834 590 ..43-

132 709 354 778 tremefactum
389 716 421 780 in
455 715 591 800 imagine
625 715 800 795 induceret,
834 717 871 781 ut
894 716 1035 782 Faunum
1069 714 1243 780 illustraret
1275 734 1309 780 re

132 813 296 897 inopinata
317 817 495 884 turbatum:

342 937 531 1006 attonitusque
547 945 620 991 moto
637 937 730 1005 rediit,
748 943 779 991 ut
796 953 876 1006 coepe
894 937 984 993 uiator

393 1023 536 1077 turbatum
553 1024 609 1077 cieo
626 1024 734 1078 rettulit
752 1039 842 1090 capue
856 1024 963 1091 pedem,

131 1129 166 1191 in
190 1127 291 1192 altera
312 1131 419 1192 autam
441 1127 494 1212 (A.
512 1129 550 1192 Α.
575 1129 606 1193 Π
628 1129 691 1194 373
713 1129 795 1211 sqq.)
818 1128 941 1211 viperae
964 1132 1040 1212 pede
1062 1129 1164 1194 laesae
1186 1128 1319 1212 perbene

131 1229 268 1295 feminae
292 1232 426 1296 eontulit
449 1234 537 1310 iram,
561 1251 639 1314 quae
663 1232 814 1314 paelicem
837 1231 1055 1314 deprehendit:

343 1350 391 1404 sed
408 1367 496 1420 oeque
512 1351 610 1417 suiuus
627 1367 694 1419 oper
712 1351 803 1405 medio
821 1355 877 1405 torro
895 1367 992 1406 saeuus
1009 1352 1040 1406 ira
1057 1351 1103 1405 ira
1121 1357 1167 1416 est,

391 1540 440 1579 racc
458 1525 545 1579 breuis
562 1526 661 1594 moero
678 1525 775 1592 uipera
793 1525 868 1578 laeso
882 1525 963 1593 pede,

341 1610 448 1676 semino
466 1627 549 1679 quom
566 1611 633 1665 socii
651 1610 787 1678 deprenso
800 1611 908 1680 poetice
925 1611 995 1664 lecti.

135 1733 198 1797 qua
219 1717 254 1793 in
270 1717 406 1800 imagine
424 1716 645 1783 conformanda
660 1716 808 1781 Ovidium
824 1717 967 1800 Vergilii,
991 1721 1175 1782 nouantem
1191 1715 1319 1783 Homeri

134 1819 239 1885 locum
262 1824 335 1885 anta
358 1821 462 1886 oculos
485 1821 630 1887 habuisse
652 1821 725 1885 inde
749 1823 936 1904 coarguitur,
960 1824 1040 1904 quod
1062 1820 1151 1886 Mam
1172 1813 1319 1904 ‘anguem

135 1922 215 2004 pede
230 1941 372 2005 pressum
388 1925 451 1988 iras
467 1923 666 1989 attollentem
682 1927 712 1990 et
729 1925 855 1990 caerula
870 1925 952 1989 colla
967 1913 1150 1990 tumentem'
1166 1923 1314 2006 depinxit,

135 2026 169 2090 id
193 2025 275 2108 quod
298 2027 459 2110 aptissime
484 2026 632 2092 conuenit
654 2045 724 2092 cum
747 2027 952 2111 descriptione
974 2028 1097 2110 viperae
1119 2028 1195 2111 pede
1209 2027 1316 2112 ignaro

135 2127 250 2196 laesae.
282 2131 388 2212 itaque
403 2130 462 2196 hac
478 2150 600 2213 quoque
616 2131 648 2195 in
662 2130 839 2198 imitatione
855 2134 939 2199 idem
955 2135 1073 2200 factum
1090 2149 1155 2196 essa
1168 2131 1320 2212 ridemus,

137 2235 220 2316 quod
255 2234 319 2298 iam
352 2235 423 2300 aliis
447 2236 596 2318 exemplis
629 2239 680 2300 sat
711 2254 863 2319 superque
886 2238 1177 2315 demonstravimus
1202 2235 1320 2300 scilieet

137 2335 285 2402 Ovidium
308 2338 435 2422 colores,
471 2341 583 2422 quibus
606 2340 766 2424 Vergilius
800 2361 889 2407 suam
922 2340 1094 2424 imaginem
1127 2359 1163 2405 en
1185 2341 1321 2405 Homero

137 2442 285 2506 haustam
309 2443 480 2520 exornavit,
502 2442 549 2508 ita
571 2443 605 2507 in
628 2461 720 2509 usum
739 2463 831 2512 suum
848 2445 1046 2520 convertisse,
1070 2446 1106 2507 ut
1120 2447 1234 2508 novam
1249 2443 1321 2508 inde

136 2545 295 2630 proferret
318 2545 570 2611 similitudinem.

243 2891 312 2956 lam
335 2893 374 2956 ad
389 2892 593 2957 Lucanorun
609 2892 915 2976 transgredientibus
930 2891 1019 2957 nobis
1036 2909 1072 2956 ao
1087 2890 1317 2974 quaerentibus,

137 2995 212 3078 quid
235 2995 412 3080 imaginum
440 2996 513 3060 hnic
535 2994 716 3080 philosopho
746 2992 877 3062 Ovidius
907 2993 1036 3072 debeat,
1065 2994 1150 3060 haud
1179 2993 1318 3060 alianum

137 3117 156 3162 a
177 3117 210 3163 re
232 3102 340 3168 nostra
363 3117 430 3163 esse
454 3098 576 3164 videtur
597 3099 770 3179 ostendere,
794 3098 875 3181 quod
897 3099 1049 3164 iudicium
1065 3098 1149 3164 Naso
1171 3097 1209 3164 de
1232 3097 1318 3179 illius

138 3202 276 3268 carmine
299 3201 419 3267 tulerit.
444 3219 516 3266 nam
532 3221 603 3267 cum
619 3200 716 3267 (larus
731 3202 765 3267 in
780 3203 924 3284 poemate
940 3220 995 3267 suo
1011 3197 1059 3266 ‘de
1076 3220 1180 3266 rerum
1195 3191 1320 3266 natura'

137 3304 321 3388 neutiquam
343 3305 441 3370 talem
463 3306 648 3370 tractaverit
670 3305 845 3384 materiam,
870 3324 933 3387 qua
948 3304 1094 3370 Ovidium
1117 3307 1166 3370 uel
1181 3303 1316 3370 manime

138 3407 330 3473 delectatum
347 3411 378 3472 et
393 3408 527 3490 quodam
543 3409 634 3473 modo
650 3408 822 3474 delenitum
839 3409 934 3473 fuisse
951 3409 1096 3492 opineris,
1111 3409 1227 3475 iustam
1242 3411 1317 3492 poto

138 3509 271 3576 habebit
304 3511 550 3595 excusationem,
584 3513 611 3577 si
646 3531 696 3578 eos
718 3513 800 3578 locos
823 3513 1007 3592 Ouidianos,
1043 3512 1157 3595 quibus
1179 3512 1318 3577 Lucretii

138 3615 256 3681 mantio
278 3611 333 3692 fit,
368 3615 418 3680 hio
440 3615 528 3681 vobis
551 3635 736 3699 proponam,
760 3617 809 3700 ut,
834 3619 987 3699 quantum
1009 3617 1149 3681 studium
1171 3615 1254 3681 Naso
1288 3616 1320 3680 in

139 3737 266 3784 carmen
290 3717 371 3782 illud
393 3719 593 3799 impenderit,
617 3720 752 3786 dilucide
774 3719 992 3802 perspiciatur.
1031 3738 1092 3802 qna
1114 3719 1147 3784 in
1169 3738 1202 3785 re
1225 3717 1320 3784 simul

139 3819 351 3904 complurium
385 3821 632 3888 similitudinum
655 3823 890 3906 imaginumque
913 3822 1153 3901 Ouidianarum,
1187 3820 1322 3906 quaein

139 3923 283 4007 sequenti
306 3924 518 4007 disputatione
532 3927 617 3991 haud
633 3926 712 3992 bene
735 3927 864 3992 tractari
888 3929 1026 4009 possunt,
1050 3925 1203 4010 originem
1225 3924 1322 4008 expli·

139 4047 209 4094 care
233 4027 352 4094 licebit.

244 4133 291 4198 Ac
302 4131 440 4215 primurn
453 4134 579 4216 quidem
586 4133 723 4200 Lucretii
736 4135 870 4199 nominis
883 4133 1002 4198 mentio
1014 4132 1152 4201 aalma
1162 4133 1324 4217 lb,23sq.,

140 4235 194 4301 ubi
210 4233 342 4301 Ovidius
365 4235 507 4302 studium
531 4257 621 4303 suum
645 4237 803 4320 poeticum
826 4239 1000 4303 ceterarum
1023 4236 1140 4302 artium
1162 4237 1325 4303 collatione

141 4338 327 4405 defensurus
350 4344 515 4422 poetarum
538 4341 657 4406 famam
679 4342 894 4406 immortalem
909 4357 976 4406 osse
992 4339 1160 4405 contendit.
1184 4343 1266 4423 quod
1288 4344 1325 4405 ut

144 4441 333 4526 comprobet,
358 4462 429 4509 cum
445 4443 578 4510 aliorum
595 4447 769 4528 poetarum,
786 4446 855 4509 tum
871 4443 1008 4510 Lucretii
1024 4442 1125 4508 adfert
1140 4442 1326 4525 exemplum,

145 4546 231 4612 cuius
253 4565 381 4612 carmen
404 4547 465 4612 hoc
488 4546 626 4613 celebrat
649 4547 798 4615 disticho:
