3370 5134
648 517 879 580 -rll-

168 705 293 772 ruinam
316 724 405 772 suam
430 706 506 772 dicit
523 704 622 772 veluti
639 705 736 771 ‘trabe
754 697 934 789 supposita’.
953 704 1180 787 epistulae
1198 705 1356 774 Didonem

169 811 293 874 Aeneae
316 809 502 874 scribentem
526 809 603 874 facit
627 809 697 874 ‘uisi
721 809 838 874 duritia
860 809 972 875 robore
995 807 1111 874 vinoia’.

272 929 323 993 Ad
347 929 497 1011 pallorem
521 931 628 995 vultus
651 929 894 1012 significandum
916 926 1046 994 Ovidius
1068 946 1143 994 usus
1167 931 1214 994 est
1236 929 1355 1012 imagi-

168 1034 299 1098 nibnso
332 1034 412 1098 buxo
446 1035 553 1116 petitis
576 1035 652 1099 Met.
678 1033 722 1096 IV
747 1033 810 1096 134
832 1052 877 1115 sq.
915 1032 1037 1115 ‘oraque
1071 1032 1152 1098 buxo
1186 1033 1360 1115 pallidiore

167 1136 290 1221 gerens’
305 1138 337 1200 ot
348 1138 424 1201 Met.
441 1138 488 1202 XI
503 1137 566 1200 417
583 1157 629 1219 sq.
647 1136 797 1218 ‘buxoque
813 1135 996 1201 simillimus
1013 1154 1065 1201 ora
1081 1137 1183 1218 pallor
1198 1135 1283 1215 obit’,
1298 1138 1358 1200 aut

169 1238 294 1305 efoliis
318 1243 348 1304 et
372 1239 534 1305 frondibus
564 1241 679 1320 frigore
712 1241 804 1304 laesis
827 1241 912 1305 Fast.
937 1239 982 1304 Vl
1007 1238 1070 1302 149
1094 1259 1138 1323 sq.
1173 1239 1267 1305 ‘oolor
1290 1240 1358 1302 oris

170 1347 248 1422 erat,
274 1344 327 1425 qui
351 1342 511 1408 frondibus
534 1343 608 1407 olim
633 1362 699 1407 esse
722 1342 804 1407 solet
826 1343 916 1425 seris,
939 1361 1015 1424 quas
1033 1361 1112 1407 nova
1126 1343 1219 1408 laesit
1233 1343 1359 1417 hiems',

169 1448 266 1513 Trist.
283 1447 380 1525 1118,
398 1447 439 1512 29
456 1465 500 1528 sq,
518 1445 642 1529 ‘quique
657 1465 713 1528 per
729 1447 918 1511 autumnum
940 1447 1093 1528 percussis
1116 1445 1231 1530 frigore
1253 1447 1359 1528 primo

171 1550 324 1642 estaolor
346 1550 378 1613 in
401 1549 494 1627 foliis,
529 1568 608 1631 quae
636 1568 718 1615 nova
741 1548 832 1613 laesit
853 1549 973 1630 hiems',
998 1551 1036 1615 A.
1061 1551 1100 1614 A.
1123 1549 1174 1613 III
1199 1550 1261 1613 703
1284 1567 1352 1630 sqq.

166 1649 301 1736 'palluit
326 1656 363 1720 ut
385 1673 472 1720 serae
495 1655 584 1719 leotis
608 1659 645 1720 de
667 1655 732 1718 vito
756 1654 886 1718 raoomis
909 1653 1083 1738 pallescunt
1106 1652 1247 1730 frondes,
1276 1671 1356 1734 quas

171 1776 252 1823 nova
274 1757 370 1824 laesit
392 1751 532 1840 hiemps',
569 1777 629 1839 quo
650 1758 719 1822 loeo
751 1775 836 1821 more
867 1775 922 1822 suo
945 1757 1023 1822 alias
1046 1755 1198 1840 imagines
1223 1755 1262 1820 ad
1286 1774 1357 1818 rom

170 1863 341 1927 ornandam
365 1865 457 1943 atque
481 1860 731 1944 amplificandam
757 1859 915 1925 adiunxit:
950 1858 1098 1942 ‘quaeque
1127 1877 1197 1924 suos
1220 1861 1362 1923 curvant.

170 1967 293 2028 matura
325 1964 458 2048 op‘donia
481 1982 592 2040 ramos,
629 1981 782 2045 cornaque
805 1963 905 2028 adhue
934 1965 1047 2026 nostris
1081 1980 1142 2026 non
1175 1961 1253 2026 satis
1277 1965 1360 2044 apta

169 2060 269 2134 oibis'.
305 2067 437 2148 denique
460 2067 521 2131 huo
543 2067 680 2148 pertinet
714 2067 819 2149 imago
841 2085 877 2130 ex
901 2083 971 2129 oera
993 2065 1102 2147 petita,
1138 2066 1251 2148 quippe
1276 2083 1361 2146 quae

171 2169 272 2234 eidem
295 2171 390 2235 uoloni
413 2171 601 2234 illustrando
623 2169 775 2233 inserviat
798 2187 833 2232 ex
857 2169 891 2233 P.
915 2169 931 2232 I
957 2170 1006 2246 10,
1030 2169 1070 2232 ‘ll
1095 2187 1156 2250 sq.:

372 2321 480 2374 parvas
497 2306 530 2358 ia
548 2306 632 2360 ealles
649 2321 730 2359 sacas
747 2305 814 2358 mibi-
827 2305 956 2372 peruenit
974 2309 1067 2358 artua:

427 2393 601 2460 membraque
618 2397 683 2445 saal
702 2407 764 2446 cera
780 2391 933 2458 pallidiora
950 2406 1029 2444 aooa.

169 2531 302 2594 quarum
318 2514 492 2599 imaginum
509 2513 625 2578 similia
642 2514 782 2596 exempla
797 2507 880 2595 apud
898 2517 1014 2577 ceteros
1033 2517 1140 2594 poetas
1157 2529 1219 2576 non
1235 2511 1357 2586 inveni,

170 2617 224 2698 qui
248 2618 286 2682 ad
308 2619 458 2702 pallorem
493 2617 714 2682 illustrandum
749 2617 820 2680 aliis
855 2618 988 2678 utuntur
1017 2615 1218 2698 imaginibus,
1254 2614 1359 2678 veluti

170 2719 315 2786 Catullus
339 2722 471 2787 LXXXI
495 2721 517 2784 4
541 2720 660 2804 ‘hospes
683 2722 829 2784 inaurata
852 2719 996 2818 pallidior
1018 2707 1147 2783 slatua'.

272 2841 343 2905 Non
366 2843 457 2907 aliter
481 2844 660 2924 comparata
689 2844 737 2905 est
759 2841 871 2926 imago,
903 2857 981 2922 quae
1010 2841 1127 2937 legitur
1156 2839 1227 2903 Am.
1264 2839 1280 2904 Ι
1325 2839 1361 2917 4,

169 2946 191 3010 9
214 2963 297 3028 sqq.:
1257 2957 1261 2962 “

376 3064 426 3102 aee
443 3054 537 3103 tamea
553 3053 616 3102 aler
634 3053 701 3113 erat,
719 3063 770 3102 aaa
789 3051 849 3109 erat
867 3052 959 3100 laurea
977 3060 1080 3099 aureae
1097 3045 1153 3109 ille,

427 3135 482 3198 aed,
499 3136 624 3206 quamvls
642 3140 749 3199 11111111,
768 3135 870 3188 alatas
889 3138 1004 3201 aterque
1022 3133 1108 3186 color:

375 3221 484 3288 ¹porcileae
502 3222 617 3274 clivosae
635 3219 756 3274 madidis
774 3221 805 3272 ia
822 3219 940 3274 uallibus
958 3219 1028 3272 Idae

429 3305 520 3358 ardua
538 3305 650 3372 derepto
668 3305 766 3359 cortice
784 3304 883 3358 cedrus
900 3303 988 3359 babet.

275 3428 326 3491 Ad
350 3427 432 3499 vitae
455 3428 628 3493 cotidianae
653 3448 741 3493 usum
765 3433 796 3492 et
819 3446 994 3492 sermonem
1018 3429 1149 3494 redeunt
1172 3428 1252 3493 tales
1277 3429 1359 3492 ima·

170 3532 271 3614 giras,
297 3530 404 3612 quales
427 3529 561 3612 legimus
585 3533 623 3595 A.
647 3531 685 3596 A.
710 3530 757 3593 Ill
784 3529 841 3593 161
868 3549 929 3614 sq.:

539 3709 544 3721 .
589 3707 596 3722 .
641 3709 647 3722 .
693 3707 699 3721 .
739 3669 869 3736 raptique
886 3673 975 3722 aelate
994 3669 1099 3739 capilli,

431 3760 462 3808 111
481 3755 562 3808 borea
579 3754 694 3820 frondea
712 3757 866 3809 eaealieate
884 3755 996 3820 eaelaal,

171 3879 245 3941 nm.
271 3876 285 3939 1
311 3874 361 3954 14,
384 3875 426 3940 aa
449 3895 513 3958 sq.:

377 4012 439 4049 111111
455 3995 571 4065 graciles
590 4001 677 4050 esaeal
696 4001 789 4051 laurea
809 4002 833 4049 el
852 3996 991 4065 laaapiais
1009 3999 1107 4061 lerator,

428 4082 489 4147 bea,
509 4082 583 4134 mala
601 4088 714 4135 renatae
732 4087 839 4151 qaarrla
856 4083 945 4136 tulere
963 4098 1061 4147 aoniae,

172 4205 306 4288 denique
331 4204 426 4270 Trist.
452 4205 479 4267 V
502 4206 532 4268 4.
556 4205 597 4267 211
621 4222 684 4288 sq.:

378 4338 460 4392 auam
477 4324 571 4376 vallas
589 4323 731 4390 oculosque
750 4329 819 4386 taos,
838 4339 853 4377 o
872 4324 981 4382 dulcior
999 4325 1046 4378 illo

429 4411 511 4476 atelle,
532 4410 603 4478 qaod
622 4411 653 4464 ia
671 4412 739 4466 ceria
757 4413 852 4466 Allien
866 4413 947 4478 poerit
966 4414 1040 4480 apl-g

171 4553 245 4606 nam
270 4535 333 4602 mel
355 4535 503 4601 Atticum
524 4535 680 4616 proverbii
705 4536 768 4600 vim
793 4535 964 4602 obtinebat.
