3366 5132
617 568 825 634 ..gy-

333 764 495 826 temptarem
512 759 641 814 mollescit
658 759 725 812 eber
743 760 883 826 positoque
901 759 996 827 rigore

332 845 450 900 subsidit
468 844 562 915 digitis
580 844 710 913 ceditque,
729 849 760 898 et
778 844 923 914 Hymettia
940 843 996 898 sole

333 946 397 986 cera
414 932 576 986 remollescit
593 935 764 1000 tractatoque
778 930 881 1000 pollice
898 930 1000 984 multra

333 1019 455 1089 ilectitw
471 1020 504 1074 ia
520 1019 607 1086 [66166
624 1018 737 1088 ipsoque
754 1017 787 1086 fit
805 1018 881 1072 utiles
898 1033 960 1071 cea.

125 1126 208 1190 certe
232 1124 372 1191 redolent
393 1124 490 1191 verba
514 1121 587 1189 ‘sole
609 1142 679 1189 cera
700 1113 901 1188 remollescit'
916 1123 1054 1188 Lucretii
1074 1122 1313 1206 descriptionem

125 1246 222 1311 snpra
245 1230 534 1308 commemoratam,
556 1246 631 1292 cum
651 1227 839 1310 pracsertim
860 1227 987 1310 propter
1009 1244 1055 1306 ea,
1072 1245 1151 1309 quae
1167 1229 1314 1293 secuntur

124 1333 334 1416 ‘tractataque
355 1332 467 1416 pollice
492 1331 609 1398 multas
642 1329 780 1397 flectitur
803 1330 836 1395 in
860 1330 957 1396 iacies
991 1331 1121 1413 ipsoque
1153 1331 1191 1396 fit
1222 1332 1313 1398 utilis

123 1437 206 1516 nsu',
231 1436 306 1503 solis
329 1436 447 1502 mentio
470 1435 585 1501 iniecta
607 1433 788 1518 superfluat.
810 1436 865 1500 sed
889 1433 1028 1517 Ovidius,
1052 1453 1124 1500 cum
1139 1436 1177 1502 16
1194 1435 1313 1501 artifice

124 1559 230 1608 sermo
253 1546 340 1619 esset,
357 1560 418 1606 non
434 1537 593 1605 dubitavit
610 1538 685 1604 solis
702 1539 993 1604 commemorationi
1008 1556 1047 1603 61
1062 1538 1100 1603 16
1116 1557 1185 1604 cera
1200 1539 1312 1622 pollice

125 1648 263 1711 tractata
298 1644 479 1728 adiungere.
515 1644 608 1726 etque
641 1641 713 1708 hinc
746 1643 897 1726 suspicari
919 1641 996 1708 licet
1018 1642 1115 1707 etiem
1138 1644 1313 1727 imaginem

122 1750 223 1827 illam,
237 1767 298 1831 qua
310 1747 388 1814 Met.
402 1747 461 1814 XV
475 1746 537 1811 169
549 1766 615 1830 sqq.
629 1745 827 1830 Pythagorae
843 1746 983 1811 doctrina
997 1745 1054 1810 1111
1070 1747 1108 1811 11
1120 1747 1310 1832 metempsy-

123 1853 210 1920 chosi
233 1853 454 1918 adumbratur:

331 1977 416 2040 ctgce
432 1973 510 2026 16111
527 1971 619 2036 faciles
636 1971 767 2039 11916111
785 1987 850 2026 cera
867 1971 974 2042 liparis,

329 2065 490 2114 beomensi
509 2063 541 2111 ct
558 2057 662 2122 ficerat,
681 2073 731 2112 cccc
747 2057 852 2123 formos
869 2063 961 2112 servet
980 2057 1096 2122 easdem,

330 2145 378 2201 sed
396 2151 488 2198 tamese
505 2146 568 2213 ipso
585 2145 680 2199 eadem
698 2149 752 2198 est:
770 2145 891 2198 animam
908 2146 949 2199 sic
965 2159 1072 2214 smper
1090 2145 1206 2200 eaodem

331 2247 393 2298 csse,
411 2232 459 2285 scd
477 2233 509 2284 icc
526 2233 621 2286 corias
639 2231 720 2284 doceo
737 2231 858 2300 migrare
875 2231 990 2300 figuras,

123 2337 274 2404 Ovidium
297 2338 335 2402 de
358 2355 414 2402 suo
437 2337 663 2420 deprompsisse
686 2337 822 2420 ingenio.
855 2356 927 2400 nam
957 2337 1040 2400 hanc
1063 2353 1152 2401 cerae
1175 2336 1310 2420 descrip-

122 2442 242 2508 tionem
265 2460 378 2525 parum
402 2445 473 2524 apte
495 2441 602 2506 referri
626 2444 664 2507 11
687 2441 825 2508 Lucretii
849 2441 932 2506 locos
955 2442 1017 2507 huo
1040 2443 1218 2524 spectantes
1242 2442 1310 2506 luce

122 2545 239 2612 clarius
273 2546 329 2610 611.
365 2542 472 2627 itaque
507 2544 684 2622 cogitabam
717 2546 875 2628 quondam
910 2545 1040 2611 eandem
1069 2544 1308 2611 similitudinem

122 2650 186 2714 iam
203 2649 328 2732 pridem
343 2667 362 2713 a
378 2649 559 2732 philosopho
583 2650 717 2732 quodam
740 2667 777 2715 ac
799 2650 933 2715 fortasse
956 2649 995 2714 ab
1011 2649 1086 2731 ipsis
1101 2648 1306 2734 Pythagoreis

121 2753 282 2819 doctrinae
304 2753 389 2818 illins
411 2755 449 2818 de
471 2752 737 2835 metempsychosi
768 2753 977 2819 illustrandae
1007 2771 1103 2818 causa
1130 2751 1307 2818 adhibitam

121 2876 199 2922 esse.
212 2858 268 2922 sed
279 2856 1312 2940 cumfrustraipsumauctoremhuinssimilitudinisquaesiissem

122 2959 224 3044 magis
247 2962 411 3044 magisque
433 2960 557 3025 animus
579 2979 669 3026 mens
692 2961 860 3026 inclinarit
880 2962 919 3027 11
943 2960 1132 3027 credendum
1160 2958 1313 3026 Ovidium

122 3068 181 3131 hoc
202 3065 272 3130 leco
294 3066 455 3146 tamquam
479 3066 544 3130 suis
566 3065 768 3130 insistentem
789 3066 932 3150 vestigiis
949 3065 991 3149 id,
1007 3066 1089 3148 quod
1104 3064 1139 3130 in
1153 3064 1316 3146 superiore

122 3168 261 3252 imagine
285 3185 402 3234 norum
424 3169 624 3251 excogitavit,
647 3168 804 3248 hocloco,
827 3170 1307 3242 1111111111111611616111161.

120 3274 290 3357 repetiisse.
315 3290 392 3354 quae
416 3272 575 3337 sententia
597 3273 646 3336 vel
668 3291 704 3338 66
728 3273 938 3350 confirmatur,
962 3274 1045 3356 qnod
1068 3275 1148 3340 inter
1171 3272 1254 3339 huno
1277 3273 1311 3334 61

119 3378 314 3461 superiorem
347 3376 450 3440 locum
485 3375 653 3442 manifesta
673 3377 843 3442 intercedit
864 3377 1052 3452 similitudo,
1074 3396 1111 3442 ex
1134 3393 1198 3457 qua
1235 3395 1308 3440 oum

120 3481 308 3548 necessitate
330 3480 466 3563 quadem
491 3480 621 3561 colligas
643 3479 810 3562 Nasonem,
835 3499 906 3548 oum
923 3481 1117 3565 Pythagorae
1132 3481 1309 3548 doctrinam

119 3586 159 3652 de
182 3585 359 3650 animarum
382 3584 569 3666 migratione
592 3584 772 3667 explicaret,
795 3585 926 3649 alterins
941 3584 1001 3648 loci
1016 3584 1307 3665 memorem-ruisse,

120 3703 312 3771 quamquam
335 3687 427 3754 facile
451 3687 647 3770 intellegitur
675 3688 757 3755 hanc
780 3688 957 3753 doctrinam
981 3690 1019 3752 de
1046 3687 1306 3772 metempsychosi

121 3791 307 3873 neutiquam
330 3789 465 3856 feliciter
487 3789 627 3874 imagine
648 3790 705 3856 illa
727 3791 894 3856 illustrari.

226 3912 285 3976 His
320 3911 585 3977 similitudinibus
624 3912 802 3996 imaginem.
831 3911 947 3980 similis
979 3912 1105 3994 generis
1139 3911 1306 3980 adnectere

120 4017 235 4098 placet,
263 4018 296 4079 in
325 4033 390 4096 qua
414 4015 628 4097 componenda
657 4013 881 4082 0111111161
907 4015 1012 4082 minus
1041 4012 1124 4080 16661
1153 4013 1305 4096 quosdam

121 4118 324 4184 Lucretianos
347 4119 421 4182 ante
442 4119 547 4183 oculos
570 4117 717 4184 1111111111
734 4119 868 4196 uidetur,
894 4118 965 4186 dico
978 4119 1055 4185 Met.
1078 4117 1127 4184 hX
1147 4117 1306 4200 159161,

120 4222 174 4286 ubi
198 4221 338 4300 Byblidis
360 4223 495 4286 mutatio
518 4223 550 4286 in
573 4222 690 4290 iontem
714 4223 762 4286 his
786 4223 992 4288 adumbratur
1025 4222 1306 4289 similitudinibus:

325 4358 464 4426 protinas,
482 4364 514 4412 ct
531 4365 601 4414 secto
617 4361 713 4428 piceae
731 4359 766 4412 de
784 4361 883 4412 cortice
899 4366 1000 4429 psaltae,

326 4450 389 4499 alce
407 4450 494 4498 teneor
510 4447 626 4514 91611161
643 4452 741 4499 manat
759 4447 857 4500 tellure
876 4447 1004 4511 bitumen,

327 4532 456 4586 1166111
474 4532 596 4587 adventa
614 4534 750 4602 epiraedia
768 4534 829 4587 lece
846 4534 946 4600 faceat

326 4618 382 4672 sole
399 4620 560 4673 remollescit
578 4635 648 4688 qaae
664 4620 772 4687 [cipere
789 4621 909 4674 66111111
927 4617 1011 4685 cada,
