3370 5134
616 499 851 563 -101-

138 690 274 757 videtur.
298 691 331 756 in
354 691 431 756 Met.
456 688 541 753 enirn
563 686 610 752 Vl
633 687 672 750 61
696 704 761 769 sqq.
792 690 882 766 poete
915 685 1076 751 Arachnae
1109 689 1233 750 stamen
1266 683 1325 750 hac

137 795 314 864 illustravit
337 791 560 860 similitudine:

344 914 402 967 illic
420 917 446 965 et
464 910 579 978 Tyrium
597 924 668 977 quoe
685 923 815 976 purpura
833 908 919 962 seusit
936 911 1037 981 uiuuru

344 999 448 1053 tecitur
466 1002 491 1052 et
508 1002 604 1050 tcuues
618 995 704 1062 perui
720 993 888 1048 discriminis
905 994 1028 1056 umbrae,

344 1085 435 1154 qualis
452 1083 487 1136 ab
504 1083 588 1136 imbre
606 1082 673 1134 solet
686 1081 827 1150 percussis
844 1081 947 1135 solibus
964 1095 1046 1134 arcus

344 1171 456 1238 iuptcere
474 1169 706 1239 iupeutiioupuru
724 1169 881 1222 euroomiue
898 1167 1019 1221 coetum:

343 1258 375 1310 iu
393 1273 446 1325 quc
464 1255 567 1309 diuersi
584 1255 696 1307 uiteout
714 1271 776 1308 cuuc
793 1254 866 1307 mille
885 1254 994 1317 colores,

337 1344 483 1411 ¹trausitus
501 1344 560 1410 ipse
578 1347 670 1395 tameu
688 1342 842 1408 spectoutic
860 1341 967 1394 iumiuu
984 1341 1066 1407 follit.

132 1467 223 1533 cuius
246 1465 394 1550 imaginis
418 1465 500 1530 ratio
522 1463 661 1529 Lucretii
683 1469 819 1527 montem
844 1462 1052 1545 adeospirat,
1069 1468 1113 1543 ut,
1132 1464 1319 1547 quicumque

133 1571 216 1635 hunc
239 1587 329 1634 urous
346 1569 489 1635 caelestis
506 1567 747 1648 descriptionem
769 1567 892 1649 legerit,
918 1585 979 1630 non
995 1567 1103 1648 possit,
1127 1568 1202 1649 quin
1217 1568 1321 1650 suspi-

132 1674 221 1737 cetur
244 1672 393 1738 Ovidium
417 1672 507 1737 illam
531 1670 670 1735 Lucretii
693 1669 930 1752 descriptionem
959 1671 1022 1734 iam
1046 1689 1141 1754 supra
1162 1671 1316 1754 prolatum

131 1778 207 1841 ante
229 1777 335 1841 oculos
359 1776 523 1856 habuisse,
548 1793 608 1855 qua
632 1773 697 1837 eius
720 1774 766 1838 rsi
789 1775 874 1857 origo
897 1773 957 1838 huc
981 1773 1101 1839 ratione
1125 1774 1319 1856 explicatur:

338 2000 454 2054 aduerso
471 1998 553 2063 fuisit
571 1998 726 2052 nimborum
745 1999 892 2067 uspurpiue
910 2004 1016 2064 coutru,

338 2091 396 2138 tum
414 2084 488 2138 coicr
505 2084 537 2136 iu
555 2084 642 2153 uipris
660 2083 752 2137 existit
770 2083 887 2136 aubibus
905 2083 996 2152 arqui.

129 2207 183 2274 sed
217 2208 277 2272 etsi
300 2206 446 2272 Ovidium
480 2209 512 2270 in
546 2207 681 2289 imagine
715 2224 771 2270 sua
804 2206 1025 2272 conscribenda
1060 2209 1144 2274 hunc
1178 2210 1315 2276 Lucretii

130 2313 234 2378 locum
257 2312 328 2374 anto
351 2310 455 2375 oculos
479 2309 624 2374 habuisse
647 2309 825 2387 statuimus,
849 2314 955 2374 tamen
978 2317 1060 2376 certe
1077 2312 1157 2377 nihil
1171 2313 1315 2396 impedit,

129 2415 296 2498 quominus
319 2413 413 2477 illum
434 2413 540 2478 eadem
564 2413 701 2496 imagine
717 2412 914 2495 aliquatenus
931 2419 1116 2495 expressisse
1132 2434 1314 2483 censeamus

129 2518 263 2604 Vergilii
286 2518 391 2582 locum
413 2517 492 2581 Aen.
516 2516 545 2580 V
562 2517 602 2582 88
626 2536 681 2600 sq.‚
705 2517 758 2581 ubi
774 2517 925 2600 serpentis
944 2517 1048 2601 fulgor
1065 2537 1153 2585 arcus
1170 2522 1314 2587 caelestis

128 2609 336 2704 descriptione
358 2621 553 2704 depingitur:

747 2757 796 2795 ceu
814 2741 933 2794 uubitus
951 2757 1033 2795 arcus

331 2827 406 2880 mitte
423 2826 492 2880 iecit
509 2826 603 2881 uarios
621 2826 735 2880 adverso
752 2827 808 2881 soie
825 2827 934 2881 colores.

127 2969 200 3016 nam
225 2947 371 3014 Ovidium
394 2949 427 3014 in
443 2969 507 3015 una
523 2951 690 3033 eademque
708 2951 912 3034 descriptione
929 2954 1173 3034 componendae
1190 2950 1311 3019 duobus

125 3053 225 3119 simul
246 3054 429 3136 pependisse
450 3054 551 3136 poetis
573 3055 639 3119 ium
662 3055 784 3138 saepius
808 3055 953 3122 vidimus.

227 3174 375 3257 Apertior
404 3177 510 3240 sutem
534 3175 596 3240 tibi
623 3175 760 3240 imitatio
790 3176 973 3260 Vergiliana
1000 3179 1171 3260 adparebit
1202 3178 1229 3243 si
1259 3197 1310 3244 eus

124 3296 246 3361 quoquc
281 3279 505 3362 descriptiones
540 3280 784 3363 perlustraveris
819 3281 873 3347 ubi
905 3300 996 3347 arcus
1027 3282 1170 3347 caelestis
1194 3282 1309 3348 nonin

125 3381 261 3463 imagine
283 3380 452 3462 inducitur,
472 3399 545 3464 quos
568 3382 651 3447 locos
674 3383 725 3447 hic
747 3383 858 3449 afferre
881 3403 942 3450 non
965 3387 1003 3451 ab
1026 3403 1059 3450 re
1082 3385 1219 3450 alienum
1242 3397 1308 3450 esse

123 3484 209 3566 puto.
232 3484 390 3568 Vergilius
413 3487 498 3549 enim
520 3486 620 3552 tribus
643 3486 718 3551 loeis
741 3505 830 3551 arcus
854 3487 997 3553 caelestis
1017 3489 1208 3554 mentionem
1231 3489 1310 3555 fecit

124 3588 202 3653 Aen.
226 3586 256 3652 V
278 3588 342 3653 609
366 3607 428 3670 sq.:

327 3706 385 3770 iliu,
403 3708 477 3762 cium
495 3709 619 3763 ceiereus
632 3726 687 3777 per
704 3710 778 3764 mitio
796 3710 929 3765 coloribus
947 3727 1050 3779 arcum,

326 3794 398 3848 uuiti
415 3795 475 3848 orsa
492 3795 545 3850 cito
563 3796 688 3850 decurrit
705 3797 815 3852 tremite
833 3799 915 3868 sirpo,

119 3915 261 3980 eiusdem
283 3915 357 3980 libri
380 3935 409 3981 r.
434 3916 496 3980 657
520 3936 581 4000 sq.:

326 4050 386 4088 cum
405 4034 457 4089 dea
474 4050 502 4089 se
516 4037 635 4104 paribus
648 4054 702 4106 per
720 4039 823 4093 caelum
841 4041 954 4095 sustulit
972 4041 1025 4094 alis

325 4120 517 4190 iupeutemque
534 4123 606 4193 supa
623 4125 710 4179 secuit
727 4125 778 4179 sub
795 4126 914 4181 nutrius
930 4144 1036 4193 orcum,

121 4221 233 4308 Georg.
256 4223 272 4288 Ι
294 4225 356 4290 451
381 4244 464 4308 sqq.:

588 4384 596 4402 .
638 4383 648 4402 .
686 4366 750 4403 uum
763 4365 850 4418 saepe
867 4350 989 4405 eiciemus

323 4429 413 4499 ipsius
430 4432 462 4485 iu
479 4434 553 4489 coitu
570 4435 660 4492 curios
678 4451 774 4490 errare
792 4437 908 4491 colores:

323 4517 467 4573 caeruleus
481 4520 606 4589 pluvium
624 4519 780 4589 deuuutiut,
798 4523 896 4593 ipueus
914 4539 1003 4578 euros.
