3366 5132
872 541 1082 606 „20-

590 731 680 784 πολλά
700 732 730 785 δέ
748 733 794 784 καλ
814 733 971 799 καθύπερθε
991 733 1167 798 μελαθρόφιν
1186 731 1359 796 ἐξεκέχυντο,

590 817 652 884 ἠόα
671 817 791 887 ἀράχνια
810 819 908 882 λεπτά,
927 818 991 883 τόγ’
1010 819 1044 871 οὔ
1064 817 1095 870 κέ
1113 833 1154 881 τις
1173 817 1240 870 οὐδέ
1260 817 1358 878 ἴδοιτο,

590 905 658 957 οὐδέ
677 908 751 958 θεῶν
771 905 920 971 μακάρων·
944 904 1008 973 πέρι
1026 905 1080 972 γάρ
1101 904 1240 957 δολόεντα
1258 902 1388 955 τέτυκτο.

486 992 626 1056 Eundem
650 992 793 1074 mythum
807 990 936 1057 Ovidius
948 992 1128 1057 Leuconoen
1144 992 1326 1056 narrantem
1338 989 1417 1054 facit
1427 989 1503 1053 Met.
1517 987 1563 1052 IV

387 1095 446 1162 176
462 1114 538 1177 sqq,
563 1113 623 1177 qua
645 1093 677 1158 in
701 1115 734 1158 re
757 1093 864 1160 eadem
888 1095 1005 1177 legitur
1027 1094 1131 1178 imago
1148 1092 1245 1158 simili
1262 1092 1383 1157 ratione
1397 1090 1563 1157 instituta:

793 1197 925 1265 cntempla
941 1197 1058 1266 praedes
1076 1212 1109 1249 ero
1127 1211 1191 1249 uere
1209 1200 1319 1249 catenas

586 1283 709 1351 retiaque
728 1289 753 1336 et
770 1283 889 1351 laqueos,
908 1264 1104 1351 guaetunttua
1120 1282 1218 1348 fallere
1236 1286 1353 1348 possent,

587 1370 695 1423 elimat:
714 1385 771 1422 nou
788 1369 858 1422 illud
876 1386 945 1438 opus
964 1370 1122 1422 tanausimc
1140 1368 1253 1423 oiuccut

585 1457 712 1518 stamina,
731 1472 788 1508 ooo
805 1471 908 1510 summo
926 1472 997 1524 qaue
1013 1453 1116 1522 pendet
1133 1469 1240 1508 aranea
1259 1455 1345 1523 tigno.

382 1546 495 1629 quibus
528 1545 719 1628 imaginibus
741 1547 823 1609 inter
847 1564 880 1608 se
904 1546 1043 1624 collatis,
1078 1545 1127 1608 oui
1161 1562 1222 1607 non
1252 1545 1394 1626 apertum
1424 1540 1472 1605 est
1506 1540 1563 1604 illa

380 1650 510 1714 Homeri
523 1638 593 1724 τόγ’
609 1649 649 1713 οὔ
664 1651 699 1714 κέ
714 1656 761 1712 τις
779 1648 856 1712 οὐδὲ
871 1647 983 1723 ἴδοιτο,
1002 1649 1080 1712 οὐδὲ
1103 1651 1186 1711 θεῶν
1202 1644 1351 1710 Ovidium
1367 1642 1563 1721 excitavisse,

381 1753 529 1834 utipsam
541 1751 712 1835 imaginem
725 1754 769 1816 sic
791 1751 967 1815 induceret:
994 1751 1062 1816 ‘non
1086 1750 1165 1815 illud
1189 1769 1264 1834 opus
1288 1747 1474 1814 tenuissima
1491 1749 1563 1812 vin-

380 1857 454 1920 cant
477 1856 623 1936 stamina,
641 1871 700 1918 non
716 1871 838 1919 summo
855 1873 931 1935 quae
947 1855 1064 1936 pendet
1079 1873 1191 1918 aranea
1213 1853 1335 1934 tigno’?
1358 1852 1439 1936 quod
1455 1854 1563 1918 autem

379 1958 463 2024 Naso
486 1959 570 2023 hunc
594 1958 739 2041 mythum
755 1958 906 2022 feminam
921 1959 1098 2023 narrantem
1122 1958 1207 2035 tecit,
1232 1957 1300 2022 sine
1317 1957 1411 2022 dubio
1427 1956 1563 2037 Vergilii

379 2061 531 2143 spectavit
554 2062 783 2138 auctoritatem,
806 2064 860 2143 qui
884 2060 995 2144 Georg.
1020 2061 1065 2125 lV
1088 2061 1152 2126 345
1174 2080 1241 2144 sqq.
1265 2062 1341 2128 haec
1364 2063 1473 2127 habet:

583 2164 658 2217 tuter
675 2179 744 2231 quus
763 2180 858 2216 eurum
877 2163 1007 2231 Clymene
1025 2164 1162 2218 narrabat
1180 2166 1291 2220 inanem

587 2249 710 2314 Volcani,
730 2250 885 2318 Martisque
904 2249 978 2303 dolos
996 2255 1022 2303 ct
1041 2251 1135 2304 dulcia
1146 2253 1239 2316 sarta,

582 2353 653 2405 oque
675 2336 748 2390 Chao
766 2336 864 2390 deauco
882 2335 971 2391 divom
988 2337 1147 2390 numerabat
1166 2354 1280 2392 amores.

378 2424 512 2505 donique
534 2424 783 2489 commemorabo
806 2423 1050 2489 similitudinem
1074 2427 1112 2490 ab
1128 2444 1243 2491 aranea
1260 2427 1474 2513 depromptam
1496 2436 1561 2501 alio

376 2544 495 2610 quoque
517 2527 585 2592 loco
608 2527 690 2609 apud
712 2527 860 2593 Ovidium
882 2527 1026 2605 inveniri,
1061 2527 1130 2594 dico
1161 2529 1232 2594 Am.
1256 2531 1271 2595 Ι
1297 2533 1346 2612 14,
1372 2535 1389 2598 t
1414 2556 1468 2620 sq,
1504 2540 1562 2606 ubi

376 2629 458 2696 Naso
474 2632 619 2715 puellam,
645 2632 696 2697 cni
717 2631 817 2696 nimia
840 2650 914 2696 cura
937 2650 1042 2696 comae
1065 2632 1254 2713 exciderunt,
1279 2638 1440 2705 consolans
1463 2644 1559 2711 huius

376 2734 506 2817 capillos
529 2734 592 2799 filis
615 2734 735 2800 similes
758 2735 852 2799 tuisse
875 2735 992 2814 scribit,
1017 2754 1095 2819 quae
1111 2754 1224 2802 aranea
1239 2740 1363 2806 deducit
1377 2745 1457 2825 pede
1473 2749 1557 2828 exili,

375 2855 446 2901 cum
469 2840 562 2902 tenue
586 2855 663 2917 opus
686 2837 828 2919 implicat
851 2840 908 2903 sub
931 2838 1018 2916 tigno
1042 2839 1172 2905 deserto.

477 2939 642 3021 Superest,
680 2941 715 3004 ut
747 2959 843 3006 unam
877 2943 1002 3006 tantum
1037 2943 1276 3010 similitudinem
1311 2966 1347 3013 ox
1369 2951 1559 3019 animalibus
1670 2971 1671 2991 ¹

375 3044 507 3126 petitam
543 3062 758 3125 percenseam,
797 3046 884 3109 cuius
921 3045 1055 3110 fundum
1093 3047 1247 3115 Homems
1285 3050 1360 3117 iecit
1396 3054 1462 3121 loco
1501 3057 1557 3123 illo
1669 3093 1670 3099 κ

373 3148 411 3212 ll.
437 3153 454 3227 β
477 3146 518 3212 87
542 3165 618 3230 sqq,
644 3147 698 3212 ubi
720 3147 912 3213 Achivorum
937 3149 1107 3214 multitudo
1131 3153 1240 3234 apibus
1264 3156 1452 3240 depingitur,
1476 3179 1556 3242 quae

373 3269 388 3314 e
412 3267 486 3314 cava
508 3253 595 3332 petra
617 3249 797 3334 ingentibus
821 3252 998 3334 agminibus
1014 3255 1230 3338 provenientes
1245 3259 1279 3322 in
1294 3261 1410 3324 racemi
1426 3263 1556 3328 modum
1667 3295 1668 3315 ι

373 3355 555 3419 coniunctae
579 3354 686 3419 volant
708 3374 800 3438 super
822 3354 949 3423 floribus
972 3359 1092 3424 vernis:

577 3457 647 3522 ἠθτε
667 3457 750 3510 ἔθνεα
770 3459 824 3511 εἰσι
844 3459 1006 3522 μελισσάων
1024 3460 1161 3527 άδινάων,

576 3543 683 3610 πέτρης
701 3544 732 3596 ἐκ
749 3546 899 3617 γλαφυρῆς
918 3543 972 3599 αἰεὶ
991 3547 1057 3600 νέον
1076 3549 1274 3615 ἐρχομενάων·

578 3632 718 3697 βοτρυδὸν
737 3632 768 3684 δέ
786 3632 924 3685 πέτονται
943 3635 986 3686 ἐπ’
1005 3634 1120 3689 άνθεσιν
1138 3635 1317 3705 εἰαρινοῖσιν·

578 3716 606 3770 αἱ
626 3718 676 3782 μέν
694 3723 719 3771 τ’
739 3718 808 3771 ἔνθα
827 3720 886 3782 ἅλις
904 3721 1091 3786 πεποτήαται,
1111 3722 1140 3776 αἱ
1159 3724 1190 3777 δέ
1208 3743 1240 3780 τε
1259 3728 1338 3781 ἔνθα.

473 3802 560 3882 Quod
591 3803 630 3869 ad
663 3806 839 3886 exemplum
879 3807 1064 3889 Apollonius
1099 3808 1217 3894 Arg.l
1253 3813 1316 3881 879
1356 3834 1422 3898 sqq.
1463 3835 1553 3883 suam

371 3906 579 3972 conformavit
602 3909 786 3992 imaginem,
817 3930 877 3993 qna
906 3912 1054 3979 Lemniae
1079 3916 1267 3998 Argonautis
1295 3920 1417 3986 abitum
1439 3941 1552 4004 paran-

370 4009 455 4074 tibus
489 4011 698 4092 queribnndae
738 4013 943 4079 circumfundi
984 4016 1132 4082 dicuntur
1165 4019 1303 4104 singulos
1340 4025 1486 4090 manibus
1522 4030 1554 4092 et

369 4111 472 4176 verbis
495 4113 667 4178 salutantes
703 4115 786 4180 sicut
815 4135 904 4199 epse,
940 4138 1018 4201 qnae
1040 4140 1056 4183 e
1079 4140 1154 4204 rupe
1187 4124 1302 4190 effusae
1336 4126 1455 4192 circum
1484 4129 1551 4194 lilia

368 4216 498 4299 pulchra
520 4217 679 4300 strepunt:

575 4323 614 4384 ὡς
633 4322 657 4373 δ’
676 4323 725 4375 ότε
744 4322 833 4391 λείρια
852 4327 923 4379 καλά
941 4330 1162 4397 περιβρομέουσι
1181 4332 1309 4396 μέλισσαι

572 4410 679 4478 πέτρης
697 4410 848 4476 ἐκχύμεναι
866 4416 1037 4480 σιμβληῖδος,
1057 4418 1130 4484 άμφλ
1150 4419 1180 4472 δέ
1199 4422 1304 4485 λειμών

574 4496 683 4564 ἑρσήεις
701 4497 830 4561 γάνυται,
850 4501 896 4552 καλ
916 4501 946 4553 δὲ
964 4504 1072 4566 γλυκὺν
1091 4504 1193 4559 ἄλλοτε
1212 4506 1299 4561 άλλον

573 4584 682 4649 καρπὸν
702 4582 875 4652 ἀμέργουσιν
894 4589 1097 4653 πεποτημέναι.
