3366 5132
854 530 979 597 ...'42
1024 574 1065 584 ..-

362 724 524 805 praeterea
546 713 613 786 'huo
641 721 794 786 referendi
823 727 896 787 sunt
923 723 984 786 loci
1013 725 1051 789 Il.
1075 747 1098 788 π
1120 724 1184 790 589
1208 744 1273 808 sqq.
1303 728 1375 792 eto
1401 727 1464 792 358
1488 744 1547 808 sq.,

363 841 493 905 quorum
516 843 577 888 uno
595 823 737 888 Troianis
754 823 971 890 recedentibus
988 823 1124 890 Graecos
1141 827 1268 891 tanturn
1285 836 1463 912 'progressos
1480 847 1547 894 esse

362 927 516 1005 narratur,
540 928 691 1008 quantum
708 929 808 992 telum
825 927 924 992 conici
947 930 1036 1006 solet,
1061 930 1160 994 altero
1183 933 1289 995 autem
1311 934 1429 997 Hector
1450 932 1546 1011 fossa,

362 1048 423 1111 qua
446 1027 634 1094 Graecorum
658 1030 759 1095 castra
782 1031 1065 1106 circumdabantur,
1084 1032 1208 1115 expleta
1223 1037 1349 1114 pontem
1365 1039 1432 1100 tam
1447 1035 1549 1102 latum

363 1132 451 1210 iacit,
476 1133 630 1226 quantum
653 1133 702 1198 vir
724 1135 825 1198 telum
848 1133 993 1199 emittere
1016 1139 1129 1218 potest.

464 1254 530 1318 Has
558 1253 597 1318 ad
620 1253 749 1319 Homeri
778 1254 1004 1321 similitudines
1038 1256 1170 1322 Ovidius
1201 1277 1272 1324 suas
1301 1259 1455 1341 imagines
1487 1260 1549 1324 huc

362 1356 555 1439 pertinentes
580 1357 791 1423 conformasse
815 1358 940 1423 videtur
959 1377 993 1423 eo
1016 1363 1143 1424 tantum
1167 1361 1280 1426 leviter
1295 1361 1333 1426 ab
1352 1364 1474 1427 auctore
1492 1380 1548 1427 suo

362 1459 541 1540 deflectens,
565 1461 646 1542 quod
670 1461 800 1527 fundam
823 1462 856 1525 in
879 1462 1016 1545 imagine
1037 1463 1171 1530 induxit.
1203 1466 1248 1530 sic
1263 1465 1340 1530 Met.
1361 1466 1408 1530 IV
1424 1466 1487 1531 709
1503 1485 1549 1547 sq.

363 1563 439 1628 haec
461 1564 624 1646 leguntur:

566 1688 675 1736 tantam
693 1683 790 1736 aberat
807 1684 933 1752 scopulis,
953 1690 1089 1752 quantam
1107 1685 1256 1740 Balearica
1272 1691 1343 1740 torto

567 1768 660 1834 fanda
676 1775 767 1837 potest
781 1770 894 1837 placabo
913 1769 996 1824 medii
1013 1773 1200 1824 transmittere
1217 1773 1295 1825 caeti.

364 1889 415 1954 cui
438 1891 505 1954 loco
529 1890 693 1955 simillima
716 1894 764 1955 est
785 1891 891 1974 imago
914 1890 999 1956 Fast.
1023 1891 1072 1955 Ill
1095 1893 1160 1957 583
1182 1912 1244 1975 sq.:

568 2009 634 2062 r'ltaa
652 2025 750 2062 caesas
768 2016 834 2072 erat,
852 2026 902 2063 nec
920 2010 1027 2080 tongins
1046 2010 1122 2076 afait
1139 2011 1214 2076 inde,

619 2111 700 2162 qaam
719 2101 852 2164 qnantum
869 2097 961 2150 noctes
978 2098 1087 2151 mittere
1104 2097 1197 2164 sanda
1212 2104 1314 2166 potest.

362 2217 459 2282 tertia
485 2217 614 2298 denique
638 2217 824 2292 similitudo,
847 2217 882 2280 in
905 2235 966 2298 qua
988 2218 1107 2301 sagitto
1130 2218 1245 2284 amissa
1275 2238 1437 2285 mensuras
1464 2219 1551 2286 indi-

363 2320 480 2385 candae
504 2319 644 2396 inservit,
668 2318 823 2399 reperitur
846 2318 923 2383 Met.
947 2319 1027 2384 VIII
1050 2320 1114 2386 695
1137 2338 1198 2402 sq.:

568 2443 678 2492 tantam
695 2437 812 2492 aberant
829 2453 941 2504 samma,
958 2445 1094 2508 qaantam
1111 2441 1193 2494 semet
1210 2442 1252 2494 ire
1270 2442 1369 2512 sagitta

568 2525 651 2578 nomm
665 2529 756 2592 potest
830 2561 837 2575 .
916 2561 924 2577 .
1001 2563 1008 2577 .
1089 2564 1095 2576 .

466 2648 591 2730 Restat,
635 2650 671 2710 ut
715 2665 814 2711 unum
857 2648 1075 2714 tantummodo
1119 2649 1321 2714 memorabile
1357 2649 1552 2715 imitationis

363 2753 542 2835 exemplum
577 2751 640 2814 iam
673 2751 713 2815 ab
747 2749 919 2815 editoribus
952 2749 1152 2816 observatum
1181 2770 1368 2836 proponam,
1403 2757 1487 2835 quod
1509 2754 1551 2820 ad

362 2854 602 2928 similtiudinem
635 2853 724 2917 illam
758 2854 796 2917 de
829 2872 930 2937 angue
954 2872 972 2918 a
994 2854 1112 2918 viatore
1147 2856 1214 2920 viso
1249 2857 1297 2922 vel
1333 2858 1408 2938 pede
1441 2875 1552 2940 presso

363 2958 514 3039 pertinet,
548 2956 636 3020 cuius
669 2955 819 3038 imaginis
852 2957 984 3023 fundum
1017 2960 1124 3022 tamen
1158 2959 1335 3041 Zingerlaus
1358 2959 1391 3023 ΙΙ
1421 2961 1457 3025 6]
1486 2979 1551 3025 non

362 3061 490 3125 detexit.
512 3058 633 3140 primus
657 3059 739 3122 enim
763 3058 918 3124 Homerus
934 3059 1015 3125 hano
1031 3061 1167 3142 effigiem
1181 3063 1315 3144 protulit
1329 3062 1367 3127 Il.
1383 3085 1403 3140 γ
1417 3063 1460 3128 33
1476 3081 1549 3147 sqq.

363 3181 422 3246 quo
445 3160 624 3258 locloParis
646 3161 826 3226 Menelaum
849 3163 1044 3245 conspicatus
1068 3167 1107 3230 ad
1131 3165 1279 3230 Troianos
1301 3165 1439 3248 refugit:

568 3283 608 3344 ac
623 3279 650 3334 δ’
669 3282 719 3335 ὅτε
736 3280 779 3344 τίς
796 3298 828 3335 τε
847 3282 992 3349 δράκοντα
1010 3282 1082 3337 ἰδών
1101 3283 1273 3352 παλίνορσος
1291 3285 1403 3352 ἀπέστη

571 3369 672 3436 οὔρεος
691 3369 722 3422 ἐν
743 3368 858 3437 βήσσῃς,
876 3370 932 3422 ὑπό
950 3387 983 3424 τε
1001 3371 1107 3438 τρόμος
1126 3372 1225 3438 ἔλλαβε
1243 3377 1321 3438 γυῖα,

570 3456 611 3521 ἄψ
630 3456 657 3508 τ’
675 3455 869 3523 ἀνεχώρησεν,
889 3455 982 3523 ὠχρός
1000 3457 1032 3510 τὲ
1052 3474 1098 3521 μιν
1116 3455 1174 3511 εἷλε
1193 3459 1319 3526 παρειάς.

362 3579 442 3644 hanc
465 3578 708 3643 similitudinem
730 3596 792 3642 non
814 3576 880 3641 sine
903 3578 1076 3644 variatione
1100 3579 1215 3662 recepit
1234 3580 1395 3663 VergIIIus
1418 3582 1501 3649 Aen.
1517 3582 1552 3646 II

362 3681 426 3748 378
449 3698 515 3763 sqq.
538 3681 721 3764 Androgeos
745 3679 840 3756 enim,
864 3681 966 3763 quiin
981 3683 1086 3749 hostes
1102 3682 1236 3766 illapsus
1253 3687 1311 3762 est,
1329 3702 1405 3766 quos
1421 3688 1552 3768 propter

362 3785 504 3850 tenebras
526 3785 643 3848 amicos
665 3801 732 3848 asse
756 3783 899 3865 putabat,
923 3785 1046 3868 cognito
1070 3803 1171 3850 errore
1200 3786 1435 3870 obstupefactus
1464 3789 1552 3854 retro

361 3887 473 3970 pedem
497 3904 569 3950 curn
592 3903 668 3950 voce
690 3885 857 3967 repressit:

568 4021 741 4090 inprovisum
758 4021 849 4090 aspris
866 4021 952 4076 aelati
968 4022 1017 4090 qai
1034 4022 1156 4076 cantabas
1174 4039 1293 4093 anpaem

563 4107 668 4175 pressit
684 4107 760 4160 hamt
778 4108 879 4171 nitens,
899 4107 1079 4176 trepidasque
1096 4115 1210 4177 repente
1228 4111 1333 4179 relaptt

569 4193 736 4246 attollentem
754 4193 811 4247 iras
829 4198 855 4246 et
872 4194 987 4248 coenata
1006 4194 1076 4248 colla
1093 4199 1250 4249 tumentem.

362 4315 496 4380 manime
519 4333 592 4379 vero
614 4314 691 4379 haec
714 4314 818 4396 imago
843 4314 947 4379 OvidIi
969 4317 1071 4382 menti
1091 4317 1187 4381 infixa
1210 4317 1307 4383 fulsse
1337 4318 1473 4402 videtur,
1496 4319 1551 4402 qui

365 4438 400 4482 ex
419 4436 454 4482 ea
470 4417 547 4482 duas
564 4417 686 4482 effinxit
700 4418 934 4484 similitudines.
957 4438 1089 4503 quarum
1113 4422 1147 4485 in
1163 4440 1225 4485 una
1244 4421 1341 4502 (Fast.
1357 4422 1467 4487 11341
1485 4425 1546 4506 sq.)

363 4523 493 4588 Homeri
526 4520 660 4604 vestigia
700 4525 843 4586 accurate
876 4525 1006 4605 pressit,
1050 4542 1122 4588 cum
1157 4525 1309 4590 viatorem
1345 4542 1446 4610 angue
1480 4528 1549 4591 viso
