3366 5132
845 533 1056 596 ..70-

564 717 669 772 adalae
687 719 718 771 ia
737 719 821 790 dipito
839 720 932 774 eabter
949 727 1082 776 teaaalar
1100 723 1231 790 babendo,

563 803 679 858 stilicidi
696 821 776 859 cosas
793 805 912 874 lapidem
931 815 1018 873 cavat,
1038 823 1127 864 arceas
1145 813 1234 864 aratri

564 893 672 958 semeae
690 895 792 946 occulte
810 894 938 948 decrescit
957 911 1047 949 eomer
1065 897 1096 950 ia
1114 899 1196 962 arvis,

565 983 707 1046 strataque
725 980 780 1032 iant
798 980 869 1050 aolpi
883 980 1002 1048 pedibas
1020 983 1121 1036 detrita
1139 985 1246 1038 alaram

566 1081 651 1118 saxea
669 1067 856 1133 conspiciatur.

360 1176 469 1241 eadem
483 1177 639 1246 sententia
652 1179 689 1243 de
707 1182 800 1262 gutta
818 1199 915 1262 aquae
935 1181 1095 1247 decidente
1109 1185 1264 1266 reperitur
1281 1185 1326 1250 IV
1340 1204 1368 1251 ν.
1385 1187 1468 1252 1286
1481 1207 1548 1272 sq.:

564 1314 656 1352 αοααο
674 1299 751 1354 uiden
769 1301 852 1354 etiam
867 1307 959 1370 pattas
977 1303 1008 1356 ia
1026 1318 1096 1356 saara
1114 1303 1243 1359 cadentis

565 1385 670 1439 amoris
688 1385 767 1455 loapc
785 1387 817 1440 ia
834 1389 924 1456 spatio
938 1389 1108 1457 pertundere
1126 1389 1219 1445 sada?

359 1497 414 1562 ubi
438 1517 475 1564 ea
497 1499 632 1583 exempli
655 1519 784 1568 munere
808 1501 962 1588 fungitur,
986 1522 1045 1587 quo
1070 1505 1242 1587 explicetur
1260 1525 1397 1573 amorem
1414 1526 1546 1574 consue·

360 1603 470 1668 tudine
504 1603 673 1670 conciliari.
707 1605 856 1670 videntur
889 1611 994 1672 autem
1029 1608 1085 1673 hae
1119 1608 1260 1692 eliaeque
1289 1611 1462 1678 sententiae
1485 1612 1550 1676 hue

360 1708 539 1787 spectantes
561 1707 643 1790 apud
660 1705 792 1774 Graecos
816 1710 972 1793 proverbii
988 1710 1091 1776 locum
1106 1712 1291 1793 obtinuisse,
1307 1717 1338 1780 id
1355 1717 1435 1797 quod
1456 1716 1547 1782 oolli-

360 1811 445 1890 gitur
470 1827 505 1873 er
528 1809 635 1875 Bionis
658 1813 746 1894 idyll.
770 1813 847 1879 XV:

565 1932 596 1986 ἐκ
615 1936 734 1998 θαμινᾶς
753 1936 935 2002 ραθάμιγγος,
955 1939 1030 2001 ὅκως
1047 1939 1139 2004 λόγος,
1159 1938 1220 1994 αἰὲν
1241 1937 1332 2003 tolcae

566 2021 602 2086 χά
621 2019 697 2084 λίθος
716 2021 744 2084 ἐς
763 2023 882 2089 ῥωγμὸν
900 2023 1080 2088 κοιλαίνεται,

359 2127 391 2188 et
414 2145 450 2189 en
473 2125 700 2209 epigrammate
725 2128 822 2192 Anth.
846 2148 892 2212 gr.
917 2129 979 2194 VII
1002 2129 1082 2195 225:

565 2247 651 2314 ψήχει
669 2251 716 2302 καὶ
735 2250 844 2317 πέτρην
864 2252 880 2304 ὁ
898 2252 987 2315 πολὺς
1005 2253 1115 2320 χρόνος,
1136 2253 1203 2306 οὐδὲ
1223 2252 1342 2320 σιδήρου

620 2334 756 2400 φείδεται,
776 2335 847 2389 ἀλλὰ
868 2342 914 2404 μιῆΙ
934 2338 1019 2390 πάντ’
1037 2339 1128 2392 ὁλὲκει
1148 2340 1284 2408 δρεπάνῃ.

359 2455 439 2519 quae
452 2440 592 2523 exempla
604 2441 632 2505 si
643 2442 822 2523 respexeris,
832 2443 966 2507 conicias
975 2442 1166 2524 Lucretium,
1176 2463 1246 2508 cum
1260 2445 1382 2509 easdem
1393 2445 1551 2526 proferret

359 2544 549 2625 sententias,
573 2543 761 2611 Graecorum
785 2548 980 2629 quorundam
1004 2549 1217 2630 exemplorum
1240 2565 1412 2612 memorem
1435 2547 1548 2612 luisse.

463 2665 508 2731 Ex
531 2667 625 2732 huius
650 2666 749 2751 ipsius
772 2668 879 2732 autem
902 2669 1080 2734 imitatione
1107 2670 1173 2734 sine
1202 2668 1297 2735 dubio
1327 2671 1403 2734 nata
1432 2671 1481 2735 est
1510 2690 1549 2735 ea

360 2769 598 2852 dissimilitudo,
622 2790 701 2854 quae
724 2774 806 2852 apud
831 2771 1028 2853 Propertium
1052 2773 1168 2856 legitur
1196 2773 1229 2837 ΙΙ
1259 2774 1311 2851 25,
1344 2774 1383 2838 15
1413 2791 1459 2870 sq.
1491 2775 1547 2837 B.:

878 2931 885 2946 .
912 2930 920 2944 .
948 2934 954 2946 .
977 2892 1076 2946 teritur
1092 2893 1222 2961 rabiqiae
1241 2909 1335 2948 macro

617 2980 725 3046 ferreae
744 2985 769 3033 et
783 2994 872 3047 parco
890 2995 971 3047 saepe
989 2979 1094 3047 liquore
1111 2979 1186 3034 silex.

359 3103 469 3148 verum
481 3084 578 3149 nihilo
592 3087 694 3148 minus
707 3084 904 3149 vehementer
917 3086 1043 3168 enubit,
1055 3084 1083 3148 si
1095 3085 1164 3166 quis
1176 3084 1545 3168 putaveritPropertium

360 3189 494 3270 priorem
527 3188 715 3252 sententiam
750 3190 787 3252 de
822 3188 897 3252 ferri
930 3187 1074 3273 rubigine
1108 3189 1167 3253 soli
1189 3187 1329 3253 Lucretii
1358 3189 1426 3253 loeo
1450 3207 1548 3271 supra

360 3293 482 3375 prolato
505 3291 623 3357 dehere.
647 3310 718 3356 nam
742 3291 862 3356 ibidem
885 3291 1004 3357 terrum
1027 3311 1087 3357 non
1104 3291 1258 3376 rubigine,
1282 3296 1336 3358 sed
1351 3311 1410 3357 usu
1432 3292 1545 3357 tritum

360 3396 536 3462 exhibetur.
562 3397 641 3461 adde
665 3396 746 3478 quod
770 3398 863 3479 paulo
887 3399 958 3479 post
980 3396 1160 3460 docebimus
1178 3396 1382 3462 variationem
1398 3395 1490 3460 illam
1505 3396 1546 3460 ad

361 3501 495 3584 Vergilii
526 3501 687 3584 praedium
717 3502 889 3583 pertinere,
919 3500 1012 3580 ouius
1036 3501 1190 3583 persimili
1218 3501 1286 3566 loco
1310 3500 1444 3583 quodam
1465 3499 1545 3563 Pro·

360 3606 482 3688 portius
505 3605 659 3671 excitatus
687 3604 784 3669 simul
815 3623 887 3669 cum
911 3603 1022 3669 Ouidio
1051 3606 1098 3670 ita
1121 3624 1139 3669 a
1161 3605 1308 3670 Lucretio
1330 3604 1479 3681 desoirit,
1510 3606 1548 3668 ut

360 3709 479 3775 ferrum
502 3729 564 3774 non
586 3727 654 3791 usu,
678 3710 732 3774 sed
754 3709 897 3792 rubigine
919 3708 1032 3773 tritum
1054 3709 1088 3772 in
1110 3708 1349 3773 similitudinem
1373 3706 1543 3771 induxerit.

461 3830 667 3896 Ad0vidium
679 3830 914 3896 transeuntibus
926 3830 1014 3897 nohis
1026 3847 1213 3912 quamquam
1225 3848 1261 3894 eu
1277 3830 1423 3894 instituto
1437 3828 1546 3892 nostro

360 3952 422 3999 non
438 3935 487 4000 est
499 3934 670 4000 sententias
685 3935 842 4016 (γνώμας)
854 3933 1000 4017 proferre,
1013 3937 1118 3998 tamon
1129 3933 1162 3998 iu
1177 3951 1321 4014 praesens
1345 3951 1363 3998 a
1384 3931 1545 4014 proposito

360 4038 525 4119 paululum
548 4038 700 4103 declinare
729 4039 835 4118 liceat,
871 4039 1019 4121 quoniam
1051 4039 1223 4104 sententiae
1257 4036 1318 4102 huc
1352 4035 1546 4119 pertinentes

361 4145 445 4207 certo
476 4142 655 4224 argumenti
678 4142 851 4208 communis
876 4142 998 4209 vinculo
1029 4141 1209 4207 coniunctae
1233 4145 1307 4206 sunt
1330 4157 1402 4205 cum
1425 4139 1541 4203 simili-

361 4245 525 4311 tudinibus
548 4245 686 4312 eiusdem
710 4247 844 4330 generis,
867 4247 912 4313 ita
935 4255 1045 4312 utnon
1064 4247 1141 4311 bene
1158 4247 1196 4311 ab
1211 4244 1261 4308 his
1277 4244 1401 4328 seiungi
1418 4245 1544 4326 queant.

362 4350 401 4415 A.
424 4350 465 4414 A.
488 4350 590 4415 1473
613 4369 678 4432 sqq.
703 4351 788 4414 enim
810 4350 941 4416 Ovidius
966 4349 1061 4414 variis
1084 4350 1248 4415 sententiis
1272 4347 1404 4414 dirersis
1421 4348 1544 4416 erebus

361 4455 470 4536 petitis
505 4456 704 4536 comprobare
745 4455 852 4520 studet
884 4455 966 4520 nihil
1001 4473 1066 4520 esse
1099 4455 1166 4520 tam
1200 4457 1329 4530 durum,
1364 4451 1543 4528 inflexibile,

361 4557 576 4635 intractabile,
611 4558 692 4639 quod
726 4556 818 4640 longo
853 4559 925 4622 usui
954 4575 1015 4622 non
1038 4558 1129 4622 cedat
1152 4576 1250 4639 neque
1273 4573 1309 4620 eo
1332 4560 1543 4621 consumatur.
