3366 5132
825 516 1037 581 ..30-

544 718 601 758 ecce
619 703 694 758 uelut
712 708 821 757 torreris
839 703 922 756 uadis
939 703 1107 772 pluvialibus
1125 709 1224 757 auctus

595 795 645 844 out
662 789 732 854 uice,
751 805 820 856 quae
838 789 964 859 Zephyro
981 789 1053 844 uicta
1071 794 1183 856 reperite
1200 789 1271 856 (luit,

541 892 594 944 per
611 881 673 930 sato
687 891 792 944 perque
809 875 869 930 rios
885 877 986 942 fertur,
1009 891 1066 938 uec,
1085 881 1118 929 ut
1135 881 1201 930 aute
1218 876 1328 942 solebat,

596 963 727 1030 riparum
743 961 853 1015 clausos
869 961 996 1031 πατρίαν
1012 961 1076 1029 finit
1093 977 1195 1030 aquas:

544 1049 583 1104 sie
600 1047 685 1102 Fabii
701 1047 800 1103 collem
818 1048 882 1102 latis
901 1047 1069 1102 discursibus
1085 1047 1210 1116 impleut.

340 1170 375 1219 ac
386 1153 463 1220 satis
479 1157 638 1220 commode
652 1155 744 1237 pocta
759 1155 886 1220 eandem
902 1152 1071 1238 imaginem
1088 1155 1163 1219 Met.
1180 1153 1230 1218 Ill
1247 1155 1287 1220 79
1303 1173 1347 1238 sq.
1365 1153 1519 1234 adhibuit,

340 1260 376 1322 ut
398 1257 539 1323 draconis
562 1258 722 1340 pugnandi
745 1257 899 1322 rationem
923 1255 1125 1323 cumbadmo
1148 1257 1332 1323 illustraret.
1355 1258 1411 1323 ille
1433 1257 1518 1323 enim

340 1379 576 1444 nonnumquam
589 1362 761 1426 involvitur
771 1361 863 1426 nodie
875 1361 1027 1428 circulum
1034 1361 1249 1427 vastissimum
1262 1361 1518 1439 describentibus,

339 1483 422 1530 nunc
445 1464 547 1549 surgit
569 1467 682 1530 rectior
704 1464 802 1548 tigno,
826 1483 909 1529 nunc
930 1466 1010 1530 ruit:

543 1585 644 1654 impete
661 1600 738 1640 uuuc
756 1590 832 1639 casto
850 1601 900 1640 ceu
918 1585 1041 1639 counitus
1058 1585 1189 1639 imbribus
1207 1587 1298 1640 amuis

542 1672 634 1738 sertia
653 1677 679 1727 et
696 1673 835 1727 obstantes
850 1672 999 1740 proturbat
1012 1677 1122 1740 pectore
1139 1672 1228 1730 situas.

337 1777 372 1842 in
387 1777 494 1843 ecdem
509 1777 589 1842 libro
605 1798 655 1844 rr.
676 1777 740 1845 568
756 1798 820 1861 sqq.
837 1784 943 1845 narrat
960 1777 1098 1857 Ovidius,
1115 1780 1232 1861 quanto
1243 1779 1346 1844 furore
1358 1778 1519 1844 Pentheus

338 1879 454 1946 Bacchi
480 1880 570 1964 orgia
590 1881 823 1966 impugnaverit
846 1883 1034 1966 tumulisque
1056 1884 1120 1947 suis
1143 1881 1354 1965 imperaverit,
1377 1887 1413 1948 ut
1428 1881 1520 1947 Libe·

337 2003 409 2049 rum
424 1984 577 2050 cultorem
592 1984 642 2050 dei
656 2004 814 2052 sacrorum
829 1986 971 2052 vinctum
983 1988 1017 2051 in
1030 1987 1230 2068 conspectum
1241 2004 1335 2051 suum
1349 1986 1518 2051 traherent.

338 2105 399 2172 qua
419 2090 452 2154 in
474 2108 509 2155 re
530 2088 651 2156 rabiem
672 2089 776 2170 illius,
802 2090 856 2172 qui
879 2090 1177 2174 consanguineorum
1202 2090 1327 2156 hortatu
1350 2089 1516 2156 violentior

338 2192 435 2258 etiam
456 2193 494 2258 fit
514 2194 547 2259 et
568 2195 696 2259 vesania
718 2200 859 2277 correpta
881 2195 1016 2271 acuitur,
1040 2195 1204 2278 aptissime
1226 2195 1310 2261 hunc
1333 2196 1366 2260 in
1388 2195 1516 2262 modum

340 2297 504 2382 descripsit
526 2299 632 2382 pocta:

542 2420 582 2474 sie
599 2435 644 2488 eqo
661 2423 817 2486 torrentem,
836 2436 892 2488 qua
909 2419 952 2474 url
970 2419 1094 2474 obstabat
1112 2420 1198 2480 eunti,

543 2505 633 2560 leuius
651 2512 678 2560 et
695 2506 800 2562 modico
812 2507 932 2575 strepitu
950 2505 1095 2560 decurrere
1113 2505 1185 2560 cidi:

546 2597 584 2654 ct,
604 2609 775 2661 quacumque
794 2594 886 2647 trabes
904 2593 1095 2660 obstructoque
1112 2607 1183 2646 suaa
1200 2593 1335 2658 teuebaut,

542 2694 669 2747 spumeus
688 2684 713 2732 et
730 2678 842 2745 succus
860 2685 885 2733 et
902 2680 937 2734 ab
956 2679 1028 2734 obice
1045 2680 1152 2734 sacrior
1169 2679 1234 2733 ibat.

337 2784 471 2866 denique
494 2784 554 2848 huc
576 2786 698 2867 spectat
720 2785 825 2870 imago
849 2785 921 2850 Am.
945 2785 962 2848 I
985 2785 1014 2864 l,
1038 2786 1080 2850 43
1103 2803 1166 2867 sq:

542 2903 657 2973 deuique
673 2905 699 2960 si
717 2905 816 2959 tumidi
832 2907 892 2960 ritu
909 2906 1041 2960 torrentis
1058 2905 1167 2976 agebar,

594 3007 725 3060 caecaque
742 3007 784 3044 me
799 2991 934 3060 praedam
951 2992 1056 3057 fecerat
1073 2993 1118 3046 iro
1134 3007 1222 3046 suum.

439 3095 635 3178 Imaginibus
658 3115 673 3159 e
697 3097 791 3161 maris
814 3097 1042 3180 [luminumque
1064 3100 1176 3162 natura
1208 3095 1318 3180 petitis
1334 3096 1446 3162 statim
1462 3113 1518 3162 eas

337 3199 504 3282 adiungere
519 3200 621 3283 placet
637 3199 872 3280 similitudines,
888 3217 967 3282 quae
983 3203 1022 3265 ad
1036 3201 1181 3278 imbrem,
1197 3201 1391 3285 grandinem,
1407 3201 1512 3266 nivem

336 3303 504 3386 pertinent.
527 3321 659 3384 quarum
682 3303 762 3367 ratic
785 3303 966 3387 plerumque
989 3305 1035 3369 ita
1057 3308 1105 3369 est
1127 3303 1289 3385 instituta,
1312 3305 1347 3368 ut
1369 3303 1518 3369 multitu-

336 3408 416 3473 dinis
445 3407 671 3490 densitatisqne
701 3408 859 3472 notionem
889 3408 1078 3474 adumbrent
1099 3409 1193 3490 atque
1221 3408 1400 3488 illustrent,
1432 3409 1519 3475 velut

335 3511 417 3596 apud
449 3511 622 3576 Homerum
651 3510 819 3591 [1.μῖῖὸ
849 3531 914 3596 sqq.
950 3512 1070 3595 lapides
1104 3511 1203 3577 crebri
1236 3531 1273 3576 ex
1305 3510 1516 3595 pugnantium

336 3617 479 3682 manibus
502 3615 611 3680 emissi
634 3614 833 3679 conteruntur
856 3634 925 3680 cum
950 3616 1054 3681 floccis
1077 3615 1232 3680 nivalibus
1255 3613 1460 3692 cadentibus;
1486 3620 1518 3680 et

335 3719 369 3783 in
392 3721 499 3784 ecdem
523 3718 605 3783 libro
632 3719 692 3786 156
714 3737 782 3801 sqq.
805 3722 869 3785 tela
892 3720 925 3784 in
948 3719 1051 3783 hostes
1074 3702 1214 3785 coniecta
1236 3721 1359 3786 volant:

649 3877 655 3889 .
682 3878 689 3891 .
716 3878 723 3892 .
747 3840 866 3905 νιφάδες
885 3839 910 3890 δ’
929 3841 969 3903 ώς
987 3844 1094 3894 πῖπτον
1112 3841 1203 3907 ἔραζε,

541 3926 603 3979 lior'
621 3926 724 3991 ἄνεμος
742 3925 821 3992 ζαὴς,
841 3926 931 3991 νέφεα
950 3927 1084 3980 σκιόεντα
1103 3925 1236 3992 δονήσας,

539 4012 678 4081 ταρφειὰς
696 4013 849 4079 κατέχευεν
868 4013 912 4066 ἐπὶ
931 4015 1010 4079 χθονὶ
1028 4013 1250 4082 πουλυβοτείρῃ·

335 4119 416 4185 hanc
449 4117 688 4182 similitudinem
722 4117 906 4199 Apollonius
942 4119 1017 4201 Arg.
1041 4119 1074 4183 Il
1109 4116 1192 4184 1085
1225 4137 1293 4202 sqq.
1329 4117 1434 4200 inepte
1469 4117 1517 4183 ita

333 4222 483 4298 variavit,
517 4221 553 4286 ut
586 4220 694 4286 densas
728 4240 858 4304 pennae,
894 4240 969 4304 quas
992 4241 1064 4288 aves
1098 4223 1237 4288 volantes
1260 4223 1293 4288 in
1316 4222 1515 4306 Argonautas

334 4326 535 4404 demiserunt,
560 4325 728 4390 contulerit
751 4343 823 4391 cum
837 4327 987 4409 grandine
1003 4329 1098 4392 densa
1112 4346 1130 4392 a
1146 4327 1219 4392 love
1238 4325 1374 4392 nubibus
1390 4324 1514 4410 emissa,

334 4449 404 4496 oum
428 4434 531 4494 tamen
555 4429 683 4495 eandem
706 4449 771 4495 rem
794 4431 896 4496 multo
921 4431 1033 4497 melius
1049 4430 1209 4497 illustrare
1226 4430 1362 4512 potuerit
1376 4431 1515 4513 imagine

335 4535 392 4600 illa
415 4535 537 4618 integra
558 4537 701 4618 recepta:
