3370 5134
832 542 873 552 —·
921 507 983 572 108
1028 542 1070 553 -

354 692 480 774 poetam
503 710 519 756 e
535 691 701 758 Theocrito
724 693 903 774 sumpsisse,
928 693 981 775 qui
1004 693 1092 779 idyll.
1110 694 1143 758 ΙΙ
1159 693 1200 757 23
1216 712 1283 777 sqq.
1301 695 1375 760 haec
1391 694 1538 777 protulit:

845 813 903 878 ἐγὼ
923 814 948 866 δ’
968 814 1014 867 ἑπί
1032 814 1152 880 Δὲλφιδι
1171 814 1288 880 δάφναν

561 897 648 952 utcu·
671 901 730 965 χώς
748 901 824 954 αὕτα
842 901 923 954 λακεῑ
943 900 1014 964 μέγα
1034 899 1247 968 καππυρίσασα,

560 984 716 1050 κήξαπίνας
735 986 824 1052 ἅφθη,
843 986 929 1040 κοὺδὲ
947 987 1056 1039 σποδδν
1076 987 1187 1051 είδομες
1206 986 1301 1050 ἀυτδς,

560 1073 639 1125 οὕτω
657 1088 702 1125 τοι
721 1074 766 1125 καί
784 1072 892 1139 Δέλφις
910 1073 952 1125 ἐνί
971 1074 1056 1138 φλογί
1076 1073 1157 1141 σάρκ’
1176 1073 1324 1138 ἀμαθύνοι,

353 1175 405 1240 vel
439 1196 474 1241 er
507 1175 686 1256 Apollonio,
721 1176 805 1257 apud
839 1195 932 1258 quem
955 1177 1072 1258 Argi
1105 1177 1188 1241 1026
1212 1196 1277 1261 sqq.
1312 1176 1389 1242 haee
1422 1178 1536 1262 legitur

351 1279 544 1345 similitudo:
912 1271 913 1276 ’

482 1455 485 1461 ,
559 1401 612 1452 σὺν
632 1397 656 1452 δ’
676 1399 782 1452 ἔλασαν
803 1397 898 1465 μελίας
917 1415 949 1452 τε
968 1401 1014 1450 καί
1035 1397 1154 1462 ἀσπίδας
1173 1398 1336 1466 ἀλλήλοισιν

559 1483 634 1554 ὀξείῃ
655 1485 742 1539 ἴκελοι
760 1486 826 1553 ῥιπῇ
845 1485 943 1552 πυρός,
963 1487 981 1551 ἦ
1002 1487 1029 1537 τ’
1048 1485 1089 1538 ἑνί
1108 1486 1224 1550 θάμνοις

453 1621 454 1626 ,
558 1571 712 1625 αὐαλέονσι
729 1574 858 1626 πεσοῦσα
877 1573 1057 1639 κορύσσεται,

352 1678 403 1743 ναί
426 1676 558 1759 denique
581 1695 616 1741 ex
637 1676 766 1740 Homeri
788 1677 936 1759 imagine,
972 1693 1033 1758 qua
1056 1676 1258 1741 Troianorum
1293 1680 1324 1743 et
1347 1678 1534 1743 Achivorum

351 1781 503 1847 horrende
515 1780 723 1845 clamantium
737 1781 857 1844 sonitus
871 1783 901 1850 et
917 1781 1035 1845 clamor
1048 1780 1083 1843 ll.
1101 1787 1116 1847 ξ
1134 1781 1196 1846 396
1216 1801 1260 1864 sq.
1278 1781 1323 1868 sic
1339 1781 1533 1847 illustratur:

558 1901 627 1954 οὔτε
646 1902 736 1968 πυρὸς
754 1900 858 1963 τόσσος
876 1914 910 1964 γε
929 1899 1007 1953 πέλει
1027 1901 1131 1967 βρόμος
1150 1898 1312 1965 αἰθομένοιο

558 1987 659 2054 οὔρεος
677 1987 709 2040 ἑν
729 1985 843 2055 βήσσῃς,
864 1988 914 2041 ὅτε
933 1989 958 2040 τ’
978 1987 1063 2054 δρετο
1082 1987 1198 2052 καιέμεν
1218 1989 1299 2054 ὕλην.

349 2094 403 2159 sed
427 2091 560 2156 meliora
583 2095 613 2155 te
637 2090 760 2155 docebit
782 2092 869 2156 locus
894 2093 1021 2174 quidam
1044 2092 1182 2158 Lucretii
1205 2092 1234 2156 V
1257 2093 1320 2158 608
1344 2112 1399 2174 sq,
1433 2093 1486 2157 ubi
1507 2094 1533 2157 is

352 2196 571 2278 explicaturus,
596 2212 655 2276 quo
679 2195 768 2260 modo
792 2195 900 2259 tantus
924 2198 1007 2261 calor
1030 2200 1195 2260 tantumve
1217 2196 1324 2260 lumen
1347 2198 1439 2261 unius
1463 2196 1532 2261 solis

349 2303 419 2365 tam
431 2298 494 2364 late
505 2298 720 2382 profundatur,
730 2299 837 2382 ignem
850 2301 1007 2380 segetibus
1021 2304 1052 2364 et
1064 2300 1190 2381 stipulis
1201 2299 1380 2364 immissum
1392 2300 1531 2368 adhibet:

557 2417 630 2486 quod
645 2433 731 2487 penus
748 2419 823 2472 inter
841 2418 907 2472 dam
924 2425 1027 2488 segetes
1043 2421 1228 2487 stipulamque
1245 2419 1368 2473 videmus

555 2503 678 2557 accidere
696 2519 730 2558 ea
748 2520 809 2557 ααα
826 2506 947 2558 scintilla
964 2505 1095 2560 incendia
1109 2507 1224 2574 passim.

351 2629 424 2676 narn
447 2610 526 2674 hanc
547 2608 685 2674 Lucretii
709 2609 880 2694 imaginem
903 2613 1003 2675 multo
1033 2612 1159 2692 propius
1189 2611 1228 2674 ad
1252 2610 1357 2676 Ovidii
1379 2611 1529 2677 similitu-

348 2714 435 2779 dines
458 2731 551 2795 supra
574 2712 748 2794 propositas
772 2714 917 2778 accedere
941 2733 1034 2796 quam
1058 2734 1124 2794 eas,
1156 2715 1269 2797 quibus
1299 2714 1393 2780 ceteri
1422 2718 1530 2798 poetae

348 2817 398 2883 usi
423 2821 514 2896 sunt,
539 2817 751 2900 unusquisque
773 2817 941 2900 intellegit.
971 2823 1131 2901 praeterea
1157 2819 1463 2884 commemorandum
1485 2821 1531 2884 est

348 2919 499 2986 Ouidium
521 2920 554 2983 in
576 2920 675 2984 altera
697 2919 834 3002 imagine
857 2923 987 2986 verbum
1013 2921 1216 2987 ‘admovendi'
1239 2922 1427 3000 adhibuisse,
1451 2926 1529 3006 quud

349 3023 478 3088 verbum
501 3026 626 3106 poetam
649 3041 685 3085 ex
700 3022 846 3088 Lucretio
870 3025 1021 3106 recepisse
1046 3042 1139 3106 supra
1156 3026 1303 3108 vidimus,
1329 3027 1383 3090 uhi
1399 3027 1436 3090 de
1451 3027 1529 3091 ima-

349 3125 476 3211 ginihus
498 3145 514 3190 e
536 3127 638 3191 taedis
661 3126 769 3209 petitis
792 3127 1005 3192 disseruimus.

451 3229 524 3295 Non
558 3231 663 3294 minus
698 3234 804 3312 aperte
839 3233 1018 3313 agnoscitur
1053 3232 1190 3298 imitatio
1225 3233 1414 3299 Lucretiana
1451 3232 1526 3298 Met.

349 3333 394 3406 VI
417 3333 483 3400 455
507 3352 584 3415 sqq,
619 3346 680 3414 quo
715 3332 782 3398 loco
817 3334 908 3398 Terei
941 3354 1028 3400 amor
1062 3335 1198 3401 incestus
1231 3337 1314 3402 hunc
1348 3340 1380 3402 in
1402 3338 1528 3402 modum

346 3435 541 3502 illustratur:

553 3554 611 3592 non
628 3554 705 3592 secus
724 3541 829 3594 exarsit
846 3547 990 3608 conspectu
1006 3542 1112 3611 uirgine
1131 3543 1241 3604 Tereos,

553 3641 636 3694 qaam
655 3627 741 3694 siquis
759 3629 835 3680 corais
853 3629 943 3697 ι’ρνιαιιι
961 3634 1102 3696 supponat
1119 3629 1220 3694 cerastas,
1267 3637 1269 3641 '

552 3717 604 3766 aaut
620 3712 749 3777 frondem
765 3714 922 3783 positasque
941 3722 1039 3768 cremet
1055 3715 1206 3781 faenilibus
1223 3716 1327 3780 herbas,

346 3815 435 3881 etin
459 3835 493 3880 ea
516 3815 666 3897 imagine,
702 3815 779 3898 quae
803 3823 888 3882 extat
913 3818 945 3882 in
971 3818 1175 3900 descriptione
1198 3819 1253 3884 illa
1287 3839 1410 3901 pugnae
1433 3820 1525 3905 (Met.

346 3919 411 3985 XII
432 3919 497 3984 273
520 3920 613 4000 sqq),
637 3920 670 3982 in
694 3939 754 4002 qua
777 3921 915 3986 Rhoetus
939 3926 1020 3987 torre
1042 3922 1195 4004 flagrante
1218 3921 1350 3988 Charaxi

552 4044 677 4106 temporo
691 4040 844 4110 perfringit
861 4042 938 4108 (alce
952 4047 1077 4110 protecto
1095 4044 1201 4111 capello.

551 4126 676 4192 conrepta
693 4126 804 4194 rapida,
824 4128 908 4181 aelecti
924 4144 998 4197 sepes
1016 4128 1105 4194 arida,
1123 4129 1232 4195 flamma

551 4217 682 4266 urserunt
701 4213 790 4266 crines

448 4317 620 4382 Recensitis
643 4316 837 4401 imaginibus
853 4319 892 4383 ad
908 4320 1072 4384 taedarum
1087 4321 1118 4382 et
1133 4322 1275 4402 segetum
1291 4319 1341 4384 uel
1357 4319 1524 4384 aristarum

346 4419 434 4502 ignes
456 4419 688 4502 pertinentibus
721 4420 783 4484 iarn
809 4423 1020 4487 examinemus
1043 4422 1284 4500 similitudines,
1320 4440 1398 4505 quae
1421 4423 1524 4505 ignem

344 4541 441 4606 paene
464 4524 635 4588 extinctum
659 4527 747 4589 novis
771 4523 889 4589 viribus
912 4527 1085 4608 adsumptis
1108 4525 1348 4593 reviviscentem
1372 4527 1525 4608 spectant.
