3370 5134
818 527 880 558 1-
929 491 990 557 106
1033 527 1075 538 -

364 683 542 762 spectantes
565 682 704 746 naturali
728 680 848 744 ratione
873 681 1074 761 explicantur.
1099 684 1264 762 postquam
1288 679 1548 758 enimLucretius

365 784 501 849 ostendit
516 785 546 849 in
564 784 647 850 lovis
663 785 829 848 Ammonis
845 783 930 848 fonte
947 782 1027 847 nibil
1043 782 1229 847 admirabile
1245 800 1311 847 esse
1325 785 1381 847 aut
1397 781 1548 858 divinum,

364 887 430 952 iam
455 907 482 952 v.
507 887 570 952 879
593 907 658 970 sqq.
683 888 744 951 alio
767 887 805 951 de
830 886 925 964 fonte,
949 887 1002 968 qui
1026 887 1099 951 erat
1111 886 1268 963 Dodonae,
1292 884 1368 950 boec
1391 884 1547 967 disputat:

569 1005 692 1077 fripidns
710 1013 747 1061 est
766 1007 849 1081 ctiam
865 1006 938 1072 fons,
957 1021 1044 1073 snpra
1061 1022 1139 1074 quem
1155 1005 1211 1059 sita
1228 1021 1309 1072 saepe

568 1099 671 1162 stuppa
688 1094 756 1147 iacit
775 1093 911 1160 dammam
930 1098 1059 1160 concepto
1076 1093 1205 1160 protinus
1222 1092 1291 1161 ipni,

569 1179 703 1248 taedaque
722 1179 859 1234 consimili
876 1179 984 1234 ratione
1002 1195 1118 1232 accensa
1133 1195 1185 1246 per
1201 1178 1294 1232 nndns

570 1265 701 1328 conlnnt,
720 1281 773 1333 qno
792 1279 906 1332 cunque
924 1269 1028 1316 natans
1045 1264 1198 1331 impellitur
1216 1263 1302 1336 oncis

570 1350 602 1403 ni
619 1351 726 1414 mirum,
746 1351 811 1418 qnia
827 1355 893 1402 snnt
910 1350 942 1402 in
960 1366 1034 1416 aqna
1047 1349 1189 1417 permulto
1206 1351 1316 1416 coporis

569 1437 681 1500 semina,
702 1435 735 1489 de
752 1439 881 1503 terroqne
899 1440 1031 1489 necessest
1047 1435 1177 1500 snnotitns
1195 1435 1256 1502 ipsc

570 1524 643 1593 ipnis
662 1538 779 1590 corpora
796 1537 847 1589 per·
865 1527 951 1576 tctnrn
969 1537 1128 1591 consnrqere
1145 1522 1250 1587 fontem
1272 1558 1280 1571 .
1307 1560 1314 1574 .
1344 1563 1349 1573 .

364 1647 402 1693 ao
435 1648 523 1706 porro
558 1650 586 1695 v.
622 1627 685 1693 895
719 1646 785 1710 sqq,
819 1628 928 1692 eadem
964 1627 1000 1691 de
1034 1647 1067 1691 re
1101 1629 1204 1710 pergit
1239 1627 1321 1691 hunc
1355 1627 1388 1690 in
1421 1629 1548 1692 modum

364 1731 540 1816 disputare:

568 1852 607 1904 sic
624 1852 712 1921 ipitnr
726 1867 778 1918 per
797 1867 858 1903 enin
874 1854 991 1917 posenni
1010 1865 1150 1917 erumpere
1168 1850 1273 1915 fontem

570 1944 596 1992 et
613 1943 716 1991 scotere
734 1938 784 1990 illo
801 1939 880 2003 sorus
899 1938 929 1990 in
947 1943 1077 2004 stuppam
1095 1934 1216 2003 seminc‚·
1233 1951 1287 2004 qno
1306 1951 1368 1989 cnm

569 2013 736 2077 conoeninnt
756 2028 805 2076 ant
822 2025 854 2076 in
871 2023 964 2076 taedai
982 2038 1094 2089 corpore
1114 2022 1276 2085 adbaerent,

552 2109 717 2162 'ardescunt
734 2110 816 2174 focile
836 2110 976 2176 extemplo,
995 2110 1060 2177 qnia
1079 2109 1166 2161 nnita
1184 2124 1290 2176 qnoque
1309 2109 1387 2162 inse

569 2197 675 2250 sesninc
692 2197 792 2249 liabent
811 2198 884 2265 ipnis
902 2201 1018 2264 stnppuc
1037 2196 1187 2265 taedereque
1204 2198 1327 2264 tepentis.

568 2301 661 2337 norme
679 2284 755 2338 vides
773 2286 862 2346 ctione,
881 2289 1019 2336 nocturna
1037 2283 1074 2336 cd
1091 2285 1198 2336 lnrroinn
1218 2285 1305 2337 linnm

569 2387 659 2438 incipet·
677 2371 724 2422 nbi
742 2370 891 2423 extinctum
909 2370 1060 2434 cdneoocns,
1079 2369 1223 2423 accendier
1240 2375 1306 2423 onte

568 2475 649 2526 qnam
668 2458 757 2526 tetipit
775 2458 920 2524 flaminiam,
940 2457 1102 2524 taedamque
1115 2458 1184 2525 pori
1202 2455 1333 2510 ratione?

470 2569 474 2575 -
569 2545 708 2611 mnlthne
723 2550 869 2610 praeterea
882 2545 966 2612 prins
984 2545 1043 2611 ipso
1061 2548 1135 2596 tecto
1154 2559 1254 2610 copore

571 2631 675 2683 eniinns
693 2629 840 2684 crdescnnt
859 2647 941 2698 qrcnrn
959 2632 1107 2684 comncinns
1124 2631 1229 2683 incbnot
1246 2631 1324 2700 iqnis.

364 2755 401 2816 ad
425 2751 482 2815 has
505 2752 643 2815 Lucretii
668 2753 892 2834 descriptiones
916 2772 981 2817 sese
1006 2752 1181 2834 composuit
1205 2751 1346 2825 Ovidius,
1371 2771 1442 2816 cum
1471 2751 1546 2816 Met.

364 2855 414 2918 ΙΙΙ
438 2855 501 2920 373
525 2874 580 2938 sq,
605 2874 666 2936 qna
689 2856 809 2919 ratione
834 2857 972 2939 nympha
994 2857 1077 2920 Echo
1101 2874 1205 2919 amore
1229 2855 1427 2920 inflammata
1452 2859 1545 2931 esset,

362 2957 562 3022 describeret.
587 2975 622 3021 ea
645 2957 737 3028 enim,
762 2979 832 3021 oum
849 2958 1033 3022 Narcissum
1048 2961 1141 3039 amet,
1167 2957 1260 3021 huius
1281 2957 1416 3042 vestigia
1430 2960 1547 3040 premit

363 3065 405 3143 et,
430 3081 488 3142 quo
511 3061 612 3143 magis
636 3062 788 3146 sequitur,
814 3083 847 3127 eo
871 3063 1044 3128 ardentiore
1066 3063 1138 3147 igne
1161 3063 1280 3127 uritur:
1385 3139 1387 3144 .

518 3247 521 3252 .
568 3196 625 3234 non
643 3182 733 3242 aliter,
751 3199 834 3250 qnam
852 3199 912 3235 enni
930 3184 1042 3236 enormis
1060 3184 1212 3236 circumlito
1230 3181 1317 3236 taedis

568 3266 692 3320 admotos
709 3269 826 3335 rapiunt
845 3270 949 3322 cicacic
966 3270 1102 3336 snlpbnrn
1119 3269 1250 3335 dammas.

362 3389 457 3453 quam
482 3369 656 3452 imaginem
688 3372 764 3453 quin
799 3371 930 3436 Ovidius
964 3373 1003 3437 ad
1025 3373 1163 3436 Lucretii
1198 3371 1420 3452 descriptiones
1455 3390 1546 3456 supra

361 3475 536 3558 propositas
550 3477 800 3550 conformaverit,
815 3478 958 3559 equidem
972 3477 1077 3540 nullus
1090 3477 1207 3541 dubito.
1222 3495 1296 3540 sane
1309 3479 1388 3560 quod
1404 3477 1442 3540 ad
1456 3495 1544 3541 voces

362 3579 487 3660 utrique
503 3596 681 3643 communes
700 3579 845 3644 ‘flamme’
861 3585 892 3643 et
913 3571 1025 3644 ‘taeda’
1051 3580 1177 3661 attinet,
1201 3599 1251 3643 eas
1274 3581 1312 3643 ad
1336 3579 1544 3644 imitationem

361 3681 618 3763 comprobandam
642 3702 704 3747 non
728 3683 902 3760 adhibeam,
928 3683 1084 3767 quoniam,
1107 3682 1296 3765 quantillum
1313 3681 1358 3745 sit
1371 3682 1435 3746 tale
1450 3701 1543 3766 argu-

361 3789 514 3860 mentum,
538 3785 621 3849 haud
644 3785 761 3866 ignoro.
787 3786 908 3850 sivero
932 3786 1099 3868 utrubique
1125 3775 1330 3851 ‘admovendi'
1354 3785 1485 3850 verbum
1509 3788 1544 3849 de

361 3889 452 3954 taeda
473 3887 653 3952 adhibitum
675 3889 818 3953 videmus
841 3895 874 3953 et
896 3889 977 3954 illud
1008 3887 1199 3955 Ouidianum
1229 3888 1366 3970 ‘rapiunt
1393 3886 1542 3954 fiammas’

361 3994 468 4076 aperte
503 3992 647 4074 congruit
682 4011 751 4056 oum
785 3993 924 4057 Lucretii
959 3993 1064 4056 verbis
1099 3989 1257 4074 ‘concepto
1291 3993 1435 4075 protinus
1468 3984 1543 4075 igni'

360 4095 391 4158 et
413 4094 495 4175 quod
518 4093 606 4174 infra⁴
633 4096 748 4179 legitur
771 4095 945 4160 ‘ardescunt
978 4096 1069 4160 facile
1093 4095 1267 4177 extemplo,
1302 4096 1367 4160 iam
1403 4095 1541 4161 imitatio

360 4198 446 4261 certe
470 4217 537 4261 esse
553 4198 686 4261 videtur.
711 4218 780 4262 oum
798 4213 889 4280 porro
906 4203 987 4281 apud
1005 4217 1112 4263 omnes
1129 4200 1264 4281 reliquos
1280 4205 1395 4281 poetas,
1413 4216 1541 4281 quorum

360 4301 395 4363 in
420 4301 478 4364 bac
501 4301 863 4398 dissertationekmentio
886 4304 932 4380 tit,
957 4303 1072 4367 frustra
1095 4303 1199 4368 simile
1222 4321 1350 4385 quaeras
1367 4302 1540 4384 exemplum

360 4404 510 4486 imaginis
532 4423 551 4468 a
573 4406 673 4469 taedis
696 4408 828 4488 petitae,
865 4427 987 4471 mecum
1022 4411 1098 4489 puto
1123 4406 1234 4487 facies,
1270 4407 1297 4470 si
1321 4425 1389 4470 eam
1424 4422 1540 4489 quoque

359 4508 613 4583 similitudinem,
626 4528 687 4590 qua
699 4507 830 4574 Ovidius
842 4510 942 4591 Epist.
959 4511 1017 4574 VH
1032 4529 1057 4574 u.
1072 4510 1114 4574 23
1128 4510 1281 4575 Didonem
1295 4512 1437 4575 utentem
1450 4508 1539 4573 facit:
1582 4586 1585 4592 1
