3370 5134
860 517 1074 582 ..98-

373 726 410 770 en
432 695 597 788 utriusque
612 703 673 769 loci
690 704 856 770 collatione
872 704 1002 788 adparet
1017 706 1142 788 utrique
1158 706 1255 771 verba
1269 697 1417 791 ‘flamma
1433 707 1556 790 longus,

372 814 504 892 tractus,
529 807 649 876 cedere'
671 810 850 874 communIa
872 828 949 892 esse,
973 810 1006 874 id
1029 813 1108 892 quod
1133 810 1184 876 vix
1212 811 1270 875 soli
1304 809 1389 874 casui
1419 811 1557 877 tribuere

373 914 457 981 licet.
482 933 520 978 ne
544 931 605 996 qua
628 914 733 977 autern
756 913 902 994 cuiquam
925 916 1082 979 oboriatur
1105 913 1253 996 suspicio,
1284 911 1433 979 Ouidium
1456 915 1557 996 magis

372 1039 408 1083 ex
431 1019 501 1084 aliis
523 1017 656 1101 pendere
678 1017 787 1099 poetis,
812 1017 864 1099 qui
888 1018 1020 1082 eandem
1040 1017 1192 1100 praebent
1207 1016 1460 1100 slmilitudinem,
1484 1016 1556 1081 bre-

373 1121 455 1188 viter
472 1122 627 1206 imagines
651 1122 712 1187 huc
736 1124 911 1203 spectantes
936 1122 1171 1203 perlustremus.

474 1245 521 1309 Ac
554 1243 693 1326 primum
727 1241 852 1324 quidem
890 1259 927 1306 ea
960 1241 1170 1307 similitudine
1208 1259 1284 1306 usus
1319 1243 1366 1305 est
1399 1239 1557 1306 Homerus

371 1348 409 1411 ll.
433 1353 451 1413 ὸ
475 1348 517 1413 75
539 1365 615 1430 sqq,
639 1346 695 1411 ubi
719 1347 822 1411 Pallas
844 1347 993 1424 Minerva,
1018 1364 1096 1428 quae
1119 1364 1232 1430 magno
1249 1346 1370 1428 impetu
1386 1345 1419 1410 in
1436 1345 1557 1410 terram

371 1452 538 1534 ferebatur,
563 1451 621 1515 hac
644 1450 826 1532 depingitur
848 1451 1001 1551 imagine:
1433 1470 1437 1478 ·

577 1570 638 1626 elev
659 1571 683 1624 δ’
701 1571 811 1639 ἀστέρα
830 1570 881 1637 ἧκε
903 1573 1011 1640 Κρόνου
1031 1576 1099 1635 παῖς
1117 1571 1333 1637 ἀγκυλομήτεω,

577 1659 595 1724 ἢ
614 1658 737 1726 ναύτῃσι
755 1657 839 1724 τέρας
857 1658 891 1724 ἠέ
910 1663 1027 1726 στρατῷ
1047 1659 1125 1727 εὐρέϊ
1143 1660 1230 1723 λαῶν,

575 1745 720 1812 λαμπρὸν·
742 1749 796 1797 τοθ
816 1745 848 1798 δέ
866 1761 898 1798 τε
918 1747 1018 1798 πολλοὶ
1037 1744 1094 1798 ἀπὸ
1113 1749 1266 1812 σπινθῆρες
1283 1743 1387 1797 ἵενται·

575 1835 619 1896 τῷ
639 1829 719 1884 εἰκυῖ’
737 1832 816 1897 ἤϊξεν
835 1831 880 1884 έπί
898 1832 989 1897 χθόνα
1008 1831 1124 1895 Παλλὰς
1144 1831 1258 1897 Ἀθήνη.

369 1954 543 2018 Homerum
577 1969 639 2017 non
673 1955 745 2017 ante
779 1953 882 2017 oculos
918 1954 1062 2018 habuisse
1097 1955 1222 2019 videtur
1256 1952 1450 2031 Theocritus,
1486 1971 1559 2016 cum

369 2056 460 2142 idyll.
475 2054 554 2120 XIII
570 2054 613 2119 50
625 2055 742 2138 Hylan,
759 2056 902 2120 HerouIIs
920 2056 1077 2135 comitem,
1094 2057 1126 2121 in
1142 2075 1255 2139 aquam
1271 2057 1417 2121 cecidisse
1432 2059 1559 2120 narrat:

680 2177 719 2240 ὡς
738 2177 787 2230 ὅτε
806 2177 915 2244 πυρσὸς
934 2177 981 2230 ἀπ’
1001 2177 1127 2245 οὐρανοῦ
1147 2178 1249 2244 ἤριπεν
1268 2175 1369 2244 ἀστήρ.

370 2279 481 2346 contra
498 2283 642 2345 accurate
657 2280 787 2345 Homeri
809 2281 985 2363 exemplum
1001 2282 1121 2347 duabus
1144 2280 1336 2363 imaginibus
1358 2279 1559 2345 adumbravit

368 2383 557 2469 Apollonius
578 2384 612 2448 in
635 2383 712 2466 Arg.
736 2384 795 2461 ΙΙΙ,
819 2403 952 2466 quarum
975 2384 1078 2448 altera
1106 2389 1191 2449 extat
1220 2403 1251 2448 r.
1276 2383 1338 2447 140
1360 2402 1427 2466 sq.:

683 2541 691 2555 .
719 2543 726 2557 .
752 2543 759 2556 .
783 2503 866 2571 ἀτάρ,
885 2503 911 2557 εἴ
930 2520 976 2570 μιν
995 2505 1055 2568 ἑαῖς
1073 2504 1115 2558 tvi
1132 2507 1212 2572 χερσὶ
1230 2505 1335 2570 βάλοιο,

575 2590 668 2657 ἀστὴρ
689 2590 736 2653 ὥς,
756 2590 937 2656 φλεγέθοντα
957 2591 991 2642 δι’
1009 2590 1093 2658 ἠέρος
1112 2591 1198 2644 ὁλκὸν
1215 2590 1301 2657 ἵησιν,

370 2697 470 2763 altera
493 2699 598 2762 autem
621 2697 800 2762 accuratius
824 2715 966 2778 expressa
989 2715 1017 2762 ν.
1043 2698 1125 2762 1376
1149 2715 1231 2778 ορατ

574 2813 632 2879 οἶος
654 2815 677 2868 δ’
696 2816 857 2883 οὐρανόθεν
875 2817 990 2885 πυρόεις
1009 2815 1202 2870 ἀναπάλλεται
1221 2815 1322 2884 ἀστήρ,

574 2903 660 2956 ὁλκὸν
680 2903 864 2968 ὑπαυγάζων,
884 2904 969 2972 τέρας
987 2902 1134 2970 άνὸράσιν,
1154 2901 1182 2955 οἵ
1200 2919 1246 2967 μιν
1266 2902 1388 2956 ἴδωνται

574 2993 744 3057 μαρμαρυγῇ
766 2989 891 3043 σκοτίοιο
911 2990 945 3043 δι’
963 2989 1048 3056 ἠέρος
1066 2989 1193 3052 ἀῙΞαντα,

572 3079 652 3137 τοῖος
671 3075 715 3142 ἄρ’
735 3074 855 3138 Αἴσονος
873 3075 934 3139 υἱὸς
952 3076 1093 3129 έπέσσυτο
1111 3075 1288 3140 γηγενέεσσι.

368 3180 499 3262 denique
532 3179 700 3274 manifesto
734 3181 862 3244 Homeri
902 3184 933 3244 et
967 3179 1129 3260 Apollonii
1164 3178 1305 3260 exempla
1341 3180 1414 3244 ante
1449 3179 1559 3244 oculos

368 3283 514 3348 habuisse
547 3283 706 3364 putandus
730 3285 779 3347 est
801 3282 971 3366 Vergilius,
1008 3285 1060 3364 qui
1086 3286 1163 3348 Aen.
1189 3282 1216 3344 V
1238 3283 1301 3348 527
1326 3301 1370 3364 sq.
1401 3281 1560 3366 sagittam

367 3389 407 3451 ab
430 3387 543 3452 Aceste
566 3385 710 3450 emissam
727 3387 829 3450 subito
844 3385 993 3450 exarsisse
1009 3387 1041 3449 et
1055 3385 1148 3468 paulo
1164 3390 1233 3466 post
1250 3384 1411 3450 evanuisse
1427 3387 1558 3450 narrat:

679 3539 930 3560 ........
954 3505 1028 3558 caclo
1047 3521 1191 3572 sedsaepe
1209 3504 1298 3570 refice

572 3597 772 3646 transcurrerat
789 3591 945 3660 arabemque
963 3592 1085 3644 octenae
1102 3592 1196 3645 sidera
1214 3591 1330 3660 deceret.

366 3715 443 3780 quos
465 3697 547 3761 locos
571 3715 678 3761 omnes
703 3714 774 3760 cunr
798 3696 905 3763 Ovidii
928 3697 1066 3778 imagine
1088 3697 1260 3762 conferenti
1281 3699 1369 3778 petet
1385 3694 1468 3759 hane
1492 3715 1559 3761 non

367 3803 457 3864 tanta
490 3799 697 3865 similitudine
732 3801 930 3865 coniunctam
965 3819 1030 3864 esse
1064 3819 1135 3864 cum
1168 3801 1359 3881 reliquorum
1386 3803 1557 3881 poetarum

364 3902 643 3982 similitudinibus,
678 3906 796 3984 quanta
830 3923 865 3968 ea
899 3907 961 3981 est,
997 3921 1075 3984 quae
1109 3905 1142 3968 in
1175 3903 1309 3968 Lucretii
1343 3900 1559 3984 desumptione

364 4007 566 4090 conspicitur.

469 4127 548 4194 Cum
570 4128 829 4193 similitudinibus
853 4127 1014 4196 Ouidianis
1038 4146 1073 4192 ex
1097 4128 1252 4193 sideribus
1282 4127 1392 4209 petitis
1417 4128 1557 4211 cognata

364 4233 413 4298 est
436 4250 471 4296 ea
494 4232 609 4314 imago,
633 4250 712 4314 quae
735 4233 774 4297 ad
797 4232 894 4297 nubes
917 4233 1012 4297 radiis
1035 4231 1109 4296 solis
1125 4234 1237 4297 tinctas
1253 4232 1399 4314 pertinet.
1423 4233 1456 4296 in
1471 4233 1555 4298 Met.

363 4337 451 4403 enim
473 4336 494 4404 l.
518 4336 568 4402 III
591 4357 619 4402 v.
646 4337 707 4402 183
730 4355 795 4420 sqq.
820 4335 950 4402 Ovidius
985 4336 1097 4401 faciem
1126 4337 1259 4415 Dianae,
1293 4352 1388 4417 quam
1410 4334 1557 4400 Actaeon

366 4441 482 4506 nudam
506 4440 724 4523 conspexerat,
748 4439 864 4504 confert
886 4457 958 4505 cum
981 4439 1097 4519 colore,
1121 4439 1174 4523 qui
1197 4438 1331 4506 nubibus
1354 4437 1429 4503 solis
1452 4437 1556 4503 radiis

365 4542 532 4609 illustratis
556 4560 623 4608 esse
645 4544 740 4608 solet:
