3366 5132
847 541 1058 607 „54-

358 734 543 812 similitudo,
568 752 645 817 quae
668 732 836 798 intercedit
858 731 942 796 inter
965 729 1128 812 utriusque
1161 732 1269 813 poetae
1303 731 1539 813 descriptiones.

359 838 520 904 Lucretius
544 839 627 903 enim
652 855 699 900 vv.
724 835 787 900 933
811 855 876 918 sqq.
902 835 939 900 do
962 853 1108 918 agrorum
1132 836 1219 899 cultu
1241 831 1318 898 haec
1340 833 1499 916 disputat:

562 973 612 1011 aee
629 957 756 1011 robustos
774 962 834 1009 erat
852 955 928 1010 carot
945 953 1101 1008 moderator
1119 953 1212 1006 aratri

564 1045 715 1112 qaisquam,
734 1059 782 1097 aee
799 1043 884 1098 scibat
901 1043 977 1107 ferro
994 1040 1117 1094 molirier
1135 1055 1204 1095 arvo

563 1217 636 1285 qood
655 1216 695 1269 sol
713 1222 795 1284 atque
813 1216 911 1269 imbres
928 1214 1070 1279 dederont,
1090 1215 1163 1282 qaod
1180 1219 1257 1268 terro
1274 1219 1384 1268 crearat

565 1309 660 1371 sponte
678 1317 738 1365 sao,
756 1304 824 1356 satie
841 1301 872 1355 id
889 1299 1018 1370 placebat
1034 1305 1147 1367 pectora
1165 1298 1278 1352 donam.

358 1411 442 1474 idem
476 1410 540 1474 fere
576 1409 629 1472 sed
667 1411 701 1475 in
734 1409 860 1474 brevius
894 1407 1091 1472 contractum
1125 1403 1245 1488 legitur
1279 1407 1360 1486 apud
1396 1403 1545 1470 Ovidium

358 1513 434 1578 Met.
458 1513 473 1578 1
497 1511 556 1577 101
582 1533 645 1596 sq.:

564 1633 626 1700 ipse
644 1647 749 1700 qaoque
766 1631 896 1684 imorem-in
914 1635 1056 1696 rostroque
1075 1629 1184 1681 intacto
1202 1643 1253 1681 aec
1272 1627 1339 1680 allis

563 1719 659 1772 saucio
677 1718 828 1771 vomeribus
842 1732 896 1785 per
913 1731 941 1769 ee
960 1715 1043 1768 dabat
1062 1717 1155 1767 omnio
1172 1713 1261 1778 telles,
1300 1745 1302 1751 ·

360 1843 419 1908 quo
443 1825 510 1889 loeo
532 1821 617 1888 Naso
650 1822 791 1888 Lucretii
825 1821 905 1887 illud
938 1813 1030 1903 ‘quod
1065 1823 1148 1885 terra
1181 1820 1290 1900 sponte
1320 1837 1377 1883 sua
1410 1820 1542 1883 crearat*

359 1929 493 2010 perbene
516 1928 652 1993 reddidit
674 1927 721 1990 his
744 1925 849 1991 verbis
872 1924 937 2005 ‘per
960 1942 993 1988 se
1016 1923 1110 1988 dabat
1132 1921 1238 1988 omnia
1260 1921 1374 1986 telius’.

463 2030 623 2094 Alimenta
645 2029 818 2110 priscorum
841 2025 1014 2104 hominum,
1039 2043 1116 2107 quae
1140 2025 1315 2089 aLucretio
1338 2027 1371 2089 in
1397 2023 1546 2108 proximis

360 2138 600 2199 enumerantur:

566 2249 739 2321 olandiseros
757 2251 833 2303 inter
851 2249 988 2303 corroboret
1006 2263 1124 2316 corpora
1142 2263 1260 2315 quereus

565 2339 739 2406 pleramque:
757 2342 781 2389 et
800 2351 870 2404 qaae
888 2351 965 2390 cano
982 2335 1097 2388 hiberno
1114 2339 1235 2401 tempore
1254 2335 1339 2386 cerain

566 2426 659 2478 orbita
677 2425 793 2492 pumiceo
810 2423 872 2489 {teri
890 2428 1003 2476 maturo
1022 2422 1120 2486 colore,

563 2511 687 2579 piurima
706 2516 765 2563 tam
783 2509 864 2563 tellao
882 2509 964 2562 etiam
981 2508 1090 2561 maiora
1106 2507 1220 2572 ferebat.

565 2599 704 2666 multoque
719 2602 867 2664 praetereo
885 2596 995 2651 novitas
1014 2601 1073 2648 tam
1090 2593 1193 2661 florido
1210 2591 1308 2648 maadi

563 2685 669 2752 pabola
686 2684 759 2738 dara
777 2683 850 2746 notit,
869 2684 973 2737 miamin
990 2682 1152 2736 mortalitem
1170 2681 1270 2748 amplo,

362 2792 493 2858 Ovidius
516 2809 636 2874 quoqne
659 2790 810 2868 versibus,
834 2791 887 2870 qui
909 2789 1019 2852 statim
1041 2790 1199 2860 secuntur,
1225 2785 1378 2868 explicat:

567 2911 741 2978 contentique
760 2910 825 2964 cibis
844 2910 922 2964 ontio
941 2915 1050 2978 nocente
1068 2909 1169 2962 creatis

566 2997 694 3050 arbuteos
710 2997 784 3062 fetas
801 3002 988 3064 creatoremque
1006 2993 1091 3064 froya
1109 2993 1236 3063 leqeboat

568 3096 705 3148 corneoque
723 3086 749 3134 et
767 3082 798 3134 ire
816 3080 895 3134 duris
913 3081 1057 3134 haerentia
1074 3095 1152 3133 moro
1169 3079 1273 3133 cebetis

568 3173 594 3220 et
612 3183 682 3234 quoe
701 3166 865 3221 deciderant
880 3167 981 3234 potato
998 3165 1074 3221 loona
1091 3166 1190 3220 arbore
1207 3163 1332 3235 cloades.

568 3355 631 3394 mom
649 3341 729 3394 etiem
745 3337 841 3408 fruces
859 3339 939 3394 tedae
957 3339 1072 3392 inarato
1088 3338 1203 3405 ferebat,

567 3443 616 3480 aee
633 3431 780 3480 renovatos
797 3440 864 3494 ayer
880 3425 1002 3495 orooidie
1020 3425 1135 3480 comebat
1152 3424 1254 3477 arcetis.

363 3552 423 3618 qua
447 3536 483 3599 in
505 3534 692 3608 imitatione,
713 3533 749 3596 ut
772 3531 834 3596 alia
850 3532 977 3613 utrique
992 3536 1101 3614 poetae
1117 3528 1295 3596 communia
1309 3528 1407 3594 minsa
1421 3526 1551 3607 faciam,

361 3638 418 3703 hoc
439 3639 638 3720 potissimum
662 3636 756 3700 velim
780 3636 1010 3702 animadvertas
1032 3634 1137 3700 Ovidii
1167 3635 1263 3699 verba
1287 3633 1351 3698 ‘nec
1373 3633 1547 3698 renovatus

362 3739 446 3824 ager’
469 3744 596 3806 eandem
618 3744 682 3806 rim
706 3739 820 3806 habere
843 3757 936 3822 quam
965 3739 1151 3804 Lucretiam
1179 3737 1312 3802 ‘novitas
1342 3734 1473 3817 mundi',
1503 3735 1553 3800 ite

363 3843 494 3925 scilicet,
526 3848 562 3907 nt
597 3849 727 3925 uterque
762 3847 853 3926 poeta
885 3846 1003 3908 terram
1036 3843 1194 3924 vigentem
1227 3841 1443 3922 integramque
1477 3838 1548 3904 eins

363 3949 508 4013 naturam
531 3946 696 4030 significet.
734 3947 809 4012 haec
837 3948 907 4030 ipsa
935 3951 1042 4012 antem
1072 3945 1166 4012 verbe
1194 3943 1382 4009 Lucretiana
1413 3941 1549 4007 novitas

345 4049 482 4124 mundi*
504 4049 538 4113 in
562 4049 669 4114 Ovidii
698 4051 803 4116 animo
833 4068 867 4114 eo
895 4048 1016 4114 firmins
1045 4049 1172 4114 haerere
1194 4047 1374 4129 potuerunt,
1404 4047 1487 4127 quod
1509 4063 1550 4109 ea

363 4153 397 4217 in
420 4156 526 4219 eodem
550 4152 691 4218 Lucretii
714 4152 794 4218 libro
817 4154 1001 4237 repetuntur
1024 4173 1052 4216 v.
1078 4152 1141 4217 780
1163 4169 1222 4232 sq.:

570 4289 647 4326 auno
665 4271 746 4327 redeo
764 4271 802 4326 od
820 4272 919 4327 moedi
937 4273 1085 4328 novitatem
1103 4277 1128 4326 et
1145 4270 1239 4325 mollia
1257 4275 1348 4324 terrac

568 4374 644 4423 oreo,

363 4467 395 4528 et
417 4483 446 4529 r.
471 4463 551 4528 818:

565 4572 600 4620 ot
618 4567 726 4620 nocitos
744 4565 842 4620 maadi
860 4582 910 4620 aec
926 4567 1033 4636 trionem
1050 4565 1124 4620 derra
1142 4563 1240 4618 ciebat.
