3366 5132
860 485 1074 551 ...52-

374 673 456 736 undo
471 669 619 740 Ovidium
641 691 686 756 ca,
710 693 788 756 quae
804 675 967 740 Lumetius
990 676 1094 752 habet,
1117 678 1217 742 multo
1241 678 1366 744 brevius
1384 681 1416 743 et
1431 678 1552 762 planius

372 775 544 841 reddidisse
567 777 788 859 cognoscimus,
812 778 958 861 quoniam
982 780 1085 845 uerbis
1107 770 1291 863 ‘primordia
1314 783 1437 848 mundi'
1459 802 1552 866 argu·

372 881 514 946 mentum
536 883 634 945 totius
650 881 711 945 loci
726 881 905 946 Lucretiani
920 885 1083 964 tamquam
1099 885 1195 948 verbo
1212 885 1421 965 significatur.
1445 906 1553 952 caren-

373 988 448 1052 dum
471 989 576 1051 tamen
599 988 662 1066 est,
696 1005 735 1049 ne
757 984 940 1051 Lucretium
963 984 1144 1068 ‘primordia
1168 987 1283 1054 rerum'
1320 991 1426 1056 eedem
1461 1010 1553 1056 sensu

373 1090 483 1158 dixisse
504 1089 676 1170 opinemur,
700 1106 760 1169 quo
775 1086 906 1151 Ovidius
928 1087 1016 1166 dixit,
1039 1084 1222 1170 ‘primordia
1238 1091 1367 1156 mundi'.
1392 1111 1466 1157 nam
1482 1113 1553 1158 cum

372 1195 454 1277 apud
478 1193 658 1259 Lucretium
682 1192 739 1256 illa
761 1192 857 1256 verba
879 1193 962 1256 idem
978 1192 1166 1277 significent,
1183 1195 1263 1277 quod
1278 1187 1548 1280 seminatorum,

372 1318 450 1380 quae
477 1317 513 1362 ex
540 1295 737 1378 Empedoclis
767 1297 907 1362 doctrina
936 1306 1052 1362 temere
1087 1299 1226 1364 coniecta
1257 1301 1395 1375 caelum,
1425 1303 1552 1382 terram,

373 1421 458 1468 mare
491 1404 523 1466 et
555 1401 681 1465 omnino
715 1401 819 1465 totum
848 1401 1002 1464 mundum
1036 1401 1284 1483 constituerunt,
1318 1402 1448 1470 Ouidius
1470 1407 1554 1470 hunc

372 1505 473 1572 locum
495 1505 662 1586 respiciens
685 1503 802 1585 optime
835 1504 944 1568 mundi
975 1504 1080 1586 magni
1105 1507 1230 1572 exordia
1252 1509 1345 1572 verbo
1369 1507 1554 1591 ‘primordia'

372 1609 512 1676 adhibito
529 1607 689 1691 expressit,
706 1606 788 1690 quod
805 1608 900 1672 etiam
914 1607 1008 1688 paulo
1024 1607 1107 1673 infra
1124 1627 1153 1674 r.
1165 1609 1230 1674 422
1245 1605 1426 1691 ‘primordia
1440 1613 1555 1678 rerum’

371 1718 402 1780 et
424 1712 575 1778 sescentis
608 1712 678 1777 aliis
714 1712 790 1776 locis
824 1714 856 1778 in
880 1713 1017 1777 Lucretii
1052 1714 1243 1782 carminibus
1266 1717 1432 1782 invenitur.
1474 1723 1554 1801 quod

371 1821 477 1884 autem
500 1817 585 1882 Naso
608 1816 630 1882 1.
654 1835 679 1880 o.
702 1815 800 1880 tradit
823 1815 1036 1898 Pythagoram
1060 1817 1098 1880 de
1127 1816 1241 1882 ‘rerum
1271 1820 1380 1884 causis'
1408 1822 1440 1884 et
1470 1821 1554 1904 ‘quid

371 1921 491 1986 natura’
517 1921 660 2000 (valeret)
686 1920 845 2003 docuisse,
880 1920 931 1984 oui
954 1939 1015 1984 non
1045 1923 1131 2003 patet
1154 1940 1226 1986 eum
1249 1923 1351 1988 solum
1374 1925 1555 1991 Lucretium

371 2026 427 2090 has
449 2028 531 2109 ipsas
553 2043 602 2089 res
625 2023 658 2087 in
680 2024 770 2089 libris
786 2025 824 2088 ds
845 2019 958 2088 ‘rerum
975 2023 1097 2088 natura’
1113 2026 1321 2108 copiosissime
1337 2029 1554 2110 explanantem

369 2128 544 2212 respicere?
560 2131 591 2191 et
614 2127 708 2196 verba
729 2129 799 2209 ipsa
814 2121 900 2208 ‘quid
919 2127 1054 2204 natura',
1079 2145 1182 2193 nonne
1205 2149 1242 2194 ea
1263 2130 1310 2195 ita
1333 2135 1407 2195 sunt
1430 2150 1555 2215 compa·

369 2233 448 2310 rata,
473 2236 508 2296 ut
531 2230 623 2296 facile
647 2231 781 2314 opineris
804 2249 891 2307 cum,
921 2249 1015 2312 quem
1044 2230 1176 2297 Ouidius
1204 2237 1277 2298 ante
1301 2235 1406 2298 oculos
1428 2234 1554 2316 habuit,

369 2335 509 2401 docuisse
532 2339 676 2399 naturam
698 2335 871 2416 plurimum
902 2336 1006 2401 valere
1031 2340 1062 2401 et
1085 2338 1247 2418 tamquam
1271 2338 1430 2403 dominam
1459 2343 1555 2422 atque

368 2440 616 2524 gubernatricem
640 2440 791 2517 omnium,
815 2458 892 2520 quae
915 2441 1052 2506 existunt
1075 2444 1169 2524 atque
1199 2441 1291 2525 finnt,
1316 2461 1391 2521 esse,
1414 2442 1446 2506 id
1472 2444 1556 2526 quod

369 2562 496 2628 prorsus
517 2545 549 2608 in
571 2542 710 2608 Lucretii
733 2543 909 2608 doctrinam
932 2544 1043 2608 cadit?

472 2647 621 2712 Videmus
644 2647 742 2729 igitur
766 2645 914 2711 Ovidium
937 2647 1059 2729 praeter
1081 2666 1143 2724 eos,
1167 2666 1245 2730 quos
1276 2650 1310 2713 in
1340 2648 1429 2714 initio
1458 2649 1555 2715 huius

368 2750 594 2818 dissertationis
617 2749 716 2831 partis
739 2749 954 2828 tractavimus,
980 2751 1063 2816 locos
1079 2751 1129 2815 his
1145 2770 1268 2834 quoque
1284 2751 1427 2817 rensibus
1442 2757 1554 2836 aperte

368 2874 433 2920 sese
455 2854 626 2938 adplicasse
650 2853 689 2918 ad
711 2853 848 2918 Lucretii
871 2854 987 2918 librum
1010 2855 1170 2936 quintum,
1200 2855 1246 2921 ita
1276 2858 1312 2922 ut
1341 2875 1412 2921 eum
1441 2855 1550 2922 studia

367 2976 426 3024 sua
447 2959 480 3024 in
503 2958 561 3023 hoe
583 2957 783 3040 potissimum
805 2955 885 3020 libro
902 2958 1067 3022 collocasse
1082 2958 1173 3024 facile
1189 2960 1365 3044 colligatur.
1390 2976 1464 3024 nam
1483 2977 1555 3024 eas-

368 3063 439 3128 dem
467 3062 529 3127 fere
563 3061 720 3126 doctrinas
755 3062 879 3126 etiamsi
913 3081 947 3126 ex
981 3060 1127 3126 omnibus
1162 3062 1322 3144 Epicureis
1356 3061 1552 3147 philosophis

366 3167 501 3249 recipere
515 3167 618 3248 potuit
634 3165 773 3244 Ovidius
796 3166 935 3230 Lucretii
958 3171 1064 3231 tamen
1077 3167 1299 3232 auctoritatem
1316 3186 1387 3232 eum
1404 3170 1553 3234 secutum

367 3290 432 3338 esse
465 3271 628 3335 contendo.
666 3288 745 3353 quae
780 3289 874 3352 quam
908 3289 978 3335 rere
1001 3289 1019 3334 a
1042 3290 1091 3336 me
1126 3270 1312 3348 dictasint,
1347 3273 1384 3334 ut
1411 3273 1555 3354 apertius

367 3376 574 3459 cognoscatur,
598 3373 693 3438 liceat
715 3373 793 3437 mihi
815 3373 893 3438 alias
908 3391 1028 3456 quoque
1050 3373 1243 3438 imitationes
1261 3373 1300 3438 ad
1316 3373 1457 3438 eiusdem
1473 3373 1555 3439 libri

366 3481 448 3544 locos
471 3480 621 3561 quosdam
642 3477 833 3560 pertinentes
861 3477 990 3557 adicere,
1020 3476 1171 3560 equibus
1194 3477 1292 3542 otiam
1318 3477 1434 3560 quanto
1458 3494 1555 3560 opere

367 3600 569 3665 unaquaeque
602 3581 741 3647 imitatio
774 3581 955 3646 stabiliatur
991 3581 1105 3646 ricinis
1135 3581 1383 3659 imitationibus,
1411 3579 1553 3646 dilucide

366 3685 561 3770 perspicitur.
599 3685 663 3751 iam
687 3686 868 3768 Zingerleus
902 3685 1042 3750 enimin
1077 3687 1176 3749 altera
1199 3688 1286 3767 parte
1309 3701 1358 3766 op.
1382 3683 1431 3748 sui
1453 3702 1484 3765 p.
1514 3685 1556 3750 19

286 3843 289 3850 .
367 3790 489 3874 egregie
523 3789 699 3856 observavit
721 3789 870 3856 Ovidium
902 3787 1038 3852 maxime
1072 3788 1260 3854 delectatum
1291 3806 1358 3852 esse
1388 3787 1443 3861 eis,
1474 3806 1557 3869 quae

365 3892 529 3958 Lucretius
551 3893 590 3957 de
613 3893 715 3974 prima
743 3893 906 3956 hominum
929 3893 1093 3974 cultusque
1116 3891 1245 3958 humani
1269 3891 1389 3976 origine
1412 3889 1445 3954 in
1469 3891 1555 3958 libro

366 3997 473 4080 quinte
496 3996 566 4060 inde
589 4015 608 4059 a
630 4013 659 4058 v.
684 3996 747 4059 780
770 4014 836 4077 sqq.
860 3994 1037 4077 explicarit.
1069 3995 1123 4059 sed
1146 3995 1211 4074 ille,
1235 3995 1317 4076 quod
1340 3994 1409 4058 orat
1432 3994 1462 4058 ei
1477 4013 1554 4076 pro·

364 4101 519 4186 positum,
553 4099 634 4164 banc
654 4119 721 4164 rem
743 4100 847 4182 potius
869 4099 1036 4181 indicavit,
1071 4115 1164 4182 quam
1187 4098 1364 4164 accuratius
1386 4098 1553 4178 tractarit,

365 4222 427 4288 qua
442 4224 475 4269 re
498 4203 565 4268 fieri
588 4222 649 4268 non
670 4202 783 4286 potuit,
807 4203 892 4286 quin,
916 4202 948 4266 id
971 4204 1053 4286 quod
1076 4204 1141 4267 iam
1157 4200 1374 4283 comprobabo,
1400 4199 1465 4264 alia
1487 4200 1553 4267 huc

363 4308 552 4392 pertinentia
581 4309 735 4398 omiserit,
770 4307 833 4372 alia
857 4311 965 4371 contra
988 4325 1081 4390 quam
1104 4305 1290 4371 brevissime
1313 4303 1553 4387 perstrinxerit.

467 4415 514 4477 Ac
536 4411 674 4495 primum
689 4411 813 4494 quidem
829 4410 992 4475 Lucretius
1008 4409 1160 4476 humilem
1175 4408 1295 4474 statum
1313 4405 1411 4492 primi
1426 4407 1554 4491 generis

365 4517 494 4582 humani
517 4534 578 4581 uno
597 4517 759 4597 tamquam
782 4512 878 4579 verbo
900 4514 1067 4579 illustrans
1092 4534 1122 4579 v.
1146 4511 1210 4578 932
1234 4512 1310 4579 haec
1332 4511 1429 4576 dixit:
