3370 5134
641 477 873 540 -151-

169 671 326 751 praeterea
349 665 515 750 permultis
539 666 615 731 locis
639 671 670 730 et
692 669 795 746 πέτρα
817 667 850 729 11
865 666 1001 744 σίδηρος
1017 664 1210 748 singillatim
1225 665 1258 732 in
1274 666 1353 731 ima·

167 771 293 854 ginibns
316 769 860 855 1111111111(11111111111111111,
895 785 972 850 quos
996 768 1088 845 locos,
1113 785 1186 833 cum
1209 768 1353 852 Rappold

168 875 204 939 de
227 875 271 939 eis
294 880 440 940 accurate
462 874 682 956 disputaverit,
706 873 817 938 afferre
840 873 1035 955 supersedeo.

270 976 461 1043 Graecorum
472 976 613 1060 exempla
625 976 794 1042 manifesto
807 974 964 1070 spectavit
976 974 1095 1040 Ennius
1108 976 1186 1058 trag.
1195 974 1237 1040 66
1250 992 1296 1057 sq.
1304 975 1352 1057 R„

166 1083 217 1147 ubi
241 1081 279 1146 de
302 1082 432 1148 Hecuba
454 1082 535 1147 hanc
557 1082 721 1164 usurpavit
741 1079 928 1162 imaginemz

479 1240 486 1255 .
531 1239 538 1254 .
578 1199 626 1254 acet
642 1199 724 1268 quari
740 1197 848 1264 ferrum
866 1202 917 1251 cat
934 1197 1005 1265 lapis

370 1286 463 1348 durat,
481 1290 610 1340 rarenter
625 1285 757 1356 gemitum
775 1289 893 1338 coactor
911 1283 1070 1350 trabeae.³⁵)

164 1389 327 1473 Vergilius
351 1395 481 1458 eandem
505 1389 678 1473 imaginem
701 1388 825 1456 exhibet
846 1391 926 1456 Aen.
952 1388 1082 1453 v1469
1106 1407 1182 1471 sqq,
1199 1392 1235 1454 ut
1250 1389 1352 1472 inpla-

165 1494 298 1559 cabilem
332 1495 463 1560 Didonis
498 1497 636 1560 mentem
676 1494 837 1568 ostendat,
878 1511 956 1574 quae
992 1492 1093 1558 verbis
1128 1495 1251 1558 Aeneae
1286 1512 1348 1560 non

163 1599 325 1664 moretur:

367 1700 419 1754 illa
435 1701 493 1755 coto
509 1700 582 1768 fiacr
598 1700 690 1754 ooatoa
707 1713 806 1754 1111111
824 1697 944 1761 tenebat,

369 1802 420 1841 racc
435 1787 521 1856 mepta
538 1787 646 1854 incepto
663 1785 767 1839 11111111
783 1799 907 1838 ocrem
925 1788 1057 1850 1111111111,

368 1888 451 1942 pacm
468 1873 493 1926 11
510 1871 585 1925 darc
601 1871 671 1926 111111
689 1877 739 1925 act
756 1875 808 1925 atet
826 1869 973 1938 Marpesia
990 1875 1091 1926 coctos.

160 1977 242 2044 hauc
264 1976 304 2041 ad
326 1975 465 2042 Maronis
488 1976 660 2059 imaginem
684 1975 790 2056 aperte
812 1992 878 2038 sese
900 1973 1075 2056 adplicavit
1098 1972 1246 2053 Ovidius,
1276 1993 1347 2041 cum

160 2080 239 2146 Met.
263 2079 344 2146 XlIl
366 2080 430 2146 539
452 2097 518 2161 sqq.
536 2079 684 2143 Hecubae
707 2077 845 2144 dolorem
870 2076 929 2140 hac
952 2076 1116 2158 descripsit
1137 2077 1270 2142 ratione:
1341 2139 1343 2144 .

368 2204 394 2252 et
407 2198 518 2267 paritor
535 2213 609 2252 cocos
628 2198 809 2265 lacrimaeque
826 2197 964 2250 introrsus
980 2196 1091 2250 obortae

367 2285 479 2339 decorat
496 2285 555 2353 ipse
573 2284 658 2338 dolor.
678 2285 799 2352 duroque
816 2285 955 2337 1111111111
972 2299 1040 2338 ecco
1084 2326 1104 2334 ..

367 2377 466 2440 torpet,
480 2378 506 2426 ct
523 2371 642 2426 adversa
659 2371 717 2440 fipr't
735 2371 814 2424 morto
832 2371 940 2426 11111111
956 2376 1041 2425 terra.
1075 2415 1077 2420 .

161 2474 251 2540 cuius
274 2474 460 2542 imitationis
484 2479 533 2542 sat
556 2483 700 2558 apertum
722 2475 874 2540 indicium
898 2477 930 2539 in
953 2493 988 2540 eo
1012 2475 1150 2558 positum
1173 2476 1240 2554 est,
1264 2474 1346 2556 quod

159 2577 293 2660 Vergilii
330 2576 425 2642 verba
458 2571 525 2643 ‘illa
565 2581 630 2643 solo
670 2575 745 2642 fixos
786 2579 892 2641 oculos
932 2595 1040 2641 aversa
1081 2567 1218 2642 tenebat'
1253 2578 1346 2659 plane

162 2680 354 2764 respondent
368 2677 532 2746 Ouidianis
548 2675 591 2745 ‘et
607 2682 735 2746 adversa
749 2679 821 2765 figit
844 2681 934 2745 modo
958 2679 1079 2745 lumina
1103 2679 1207 2762 terra’,
1231 2698 1343 2763 quam·

158 2802 257 2866 quam
280 2787 314 2848 ut
348 2783 405 2848 hac
428 2783 565 2867 imagine
601 2789 743 2848 uteretur
767 2783 910 2863 Ovidius,
946 2783 1074 2848 excitari
1106 2783 1212 2866 potuit
1245 2780 1340 2848 llnnii

163 2887 314 2965 versibus,
338 2887 375 2951 de
399 2888 512 2969 quibus
535 2888 626 2952 modo
650 2887 857 2972 exposuimus.
1296 2911 1299 2918 ·

264 2989 321 3055 Sed
345 2992 384 3055 ab
407 2986 518 3055 ovidio
542 2991 636 3056 etiarn
661 2991 780 3054 ferrum
804 3010 874 3055 cum
899 3007 970 3054 saxo
993 2989 1196 3055 coniunctum
1212 2990 1245 3055 in
1260 2989 1341 3056 ima-

158 3093 233 3176 gine
256 3093 424 3172 inducitur,
448 3113 526 3176 quae
551 3097 635 3158 extat
659 3093 691 3157 in
715 3095 822 3160 fabula
844 3095 902 3159 illa
924 3095 962 3158 de
986 3097 1164 3161 Anaxarete
1187 3113 1205 3159 a
1225 3093 1345 3159 Venere

158 3197 197 3261 ob
221 3197 351 3262 nimiam
375 3196 597 3262 crudelitatem
621 3199 778 3280 animique
801 3197 949 3263 duritiem
974 3197 1007 3262 in
1030 3214 1138 3262 saxum
1157 3200 1289 3264 mutata.
1311 3198 1343 3261 in

157 3299 233 3367 Met.
258 3299 342 3365 onim
367 3300 388 3365 l.
404 3300 482 3367 XIV
498 3322 549 3367 vr.
566 3302 629 3367 712
645 3321 710 3386 sqq.
728 3303 861 3385 virginis
878 3321 977 3378 meus,
1001 3321 1080 3385 quae
1097 3299 1182 3384 lphis
1198 3302 1344 3383 precibus

159 3405 280 3469 moveri
303 3421 363 3468 non
388 3409 500 3488 potest,
524 3405 607 3470 hunc
629 3407 659 3470 in
685 3406 811 3472 modum
836 3407 1030 3471 illustratur:

364 3522 462 3578 durior
480 3529 505 3578 et
522 3524 607 3589 ferro,
627 3524 700 3592 qaod
719 3526 840 3580 Noricus
857 3526 983 3594 eccopait
1001 3524 1083 3594 tpar‘e,
1194 3513 1199 3520 ⁴

364 3613 390 3662 et
407 3624 484 3674 acco,
502 3609 575 3678 qaod
592 3611 681 3664 adbuc
698 3612 790 3664 ctorem
807 3609 901 3665 radice
919 3615 1036 3674 terretur,

363 3695 472 3763 spernit
490 3701 514 3750 ct
532 3697 639 3750 irridet.

156 3819 234 3882 quas
258 3799 413 3884 imagines
437 3804 474 3866 ad
500 3801 685 3867 Graecorum
709 3803 852 3887 exempla
874 3820 969 3887 supra
997 3801 1121 3885 prolata
1150 3801 1251 3867 redire
1274 3801 1346 3885 opi·

155 3908 249 3970 netur
270 3904 402 3970 fortasse
425 3905 595 3990 quispiam,
631 3912 796 3990 propterea
831 3911 911 3990 quod
942 3907 1111 3990 utrubique
1134 3923 1245 3971 saxum
1268 3924 1341 3970 cum

154 4008 239 4074 ferro
262 4009 462 4074 coniunctum
486 4009 518 4073 in
542 4011 680 4094 imagine
703 4010 871 4076 inducitur.
899 4012 1135 4076 verumtamen
1159 4029 1226 4074 rem
1250 4008 1348 4073 aliter

155 4130 223 4176 sese
244 4111 359 4178 habere
383 4113 474 4178 docet
496 4111 652 4196 Propertii
673 4115 759 4179 locus
783 4115 800 4180 I
825 4115 875 4199 16,
898 4112 940 4178 29
964 4131 1009 4196 sq.
1034 4113 1088 4178 B.:

361 4232 397 4284 ait
416 4233 478 4286 licet
496 4239 522 4287 et
539 4249 607 4287 saxo
621 4234 778 4302 patientior
796 4235 848 4289 illo
866 4234 974 4299 Sicano,

411 4320 449 4372 111
467 4319 528 4372 licet
546 4324 570 4373 et
587 4320 664 4386 ferro
683 4321 783 4376 durior
801 4327 827 4376 et
846 4321 966 4388 chalybe.

152 4433 358 4446 m

258 4505 291 4574 ³⁵)
311 4507 351 4562 cf.
370 4507 506 4561 Ribbeck:
526 4512 577 4562 Die
596 4513 660 4562 rbm.
679 4508 811 4578 'l'ragiidie
843 4526 868 4578 p.
892 4514 946 4562 138.
