3370 5134
839 507 1069 571 ..134..

365 711 427 778 qus
460 693 665 778 descriptione
699 692 829 760 Ovidius
864 697 970 777 aperte
1007 713 1076 758 sese
1108 694 1281 776 composuit
1321 696 1359 760 cd
1392 694 1550 760 Theocriti

366 796 470 884 idyllii
491 797 552 864 XX
575 817 602 862 v.
627 796 666 862 21
694 816 776 880 sqqr

572 920 618 971 rut
636 917 692 986 γὰρ
710 918 772 983 ἐμοὶ
790 918 824 972 τὸ
843 918 979 985 πάροιθεν
996 918 1135 972 έπάνθεεν
1154 919 1207 972 ἁδύ
1226 935 1254 973 τι
1272 918 1373 982 κάλλος

573 1005 613 1068 ὼς
631 1004 727 1068 κισσὸς
744 1005 811 1058 ποτὶ
828 1003 966 1072 πρέμνον,
985 1004 1057 1070 ἐμὰν
1072 1005 1100 1064 ,δ’
1119 1004 1259 1060 ἐπύκαζεν
1278 1005 1403 1072 ὑπήναν,

572 1095 669 1157 χαῖται
688 1091 712 1143 δ’
730 1089 775 1145 otu
793 1090 891 1145 σέλινα
909 1092 974 1158 περὶ
992 1091 1163 1160 κροτάφοισι
1180 1092 1311 1158 κέχυντο,

367 1219 450 1285 unde
473 1217 537 1282 iam
562 1207 747 1282 ‘obumbret'
770 1213 889 1280 Gracco
913 1215 1069 1283 ἐπύκαζεν
1090 1215 1274 1297 respondere
1296 1213 1499 1300 intellegitur·

469 1339 539 1404 Ism
572 1337 680 1403 laudat
710 1333 840 1420 Cyclops
874 1338 978 1401 suetas
1011 1335 1257 1416 horridissimas,
1291 1336 1404 1420 quibus
1438 1352 1554 1418 corpus

368 1437 556 1526 eius'riget:

499 1562 554 1616 846
572 1574 622 1613 nec
638 1573 699 1612 ntea
717 1557 789 1626 quod
806 1558 906 1630 rtyr'dr's
924 1559 1038 1613 horreret
1057 1557 1216 1614 dcushetmu
1234 1561 1318 1614 sactis

575 1660 699 1715 corpora,
717 1650 800 1713 turpe
814 1651 896 1713 pcto.
914 1645 1005 1713 turpis
1022 1645 1083 1700 κίκι
1101 1644 1250 1711 frondibus
1267 1647 1362 1717 arbor,

502 1734 561 1788 848
578 1733 670 1801 turpis
688 1747 780 1802 equus,
798 1731 854 1785 nisi
871 1730 941 1786 colla
957 1731 1039 1786 iubae
1057 1731 1189 1798 flaventia
1206 1734 1303 1795 velent,

500 1821 554 1875 850
571 1819 655 1873 barbo
673 1818 747 1874 uiros
763 1818 907 1886 hirtaeque
924 1816 1022 1872 decent
1038 1818 1071 1872 ire
1089 1833 1202 1887 corpore
1219 1823 1318 1872 saetae.

373 1963 433 2029 quc
456 1942 661 2026 descriptione
677 1940 809 2007 Ouidius
826 1940 994 2006 certavisse
1009 1942 1167 2024 putandus
1183 1945 1231 2005 est
1246 1959 1317 2006 cum
1333 1941 1424 2024 poeta
1440 1939 1553 2022 Siculo,

371 2051 484 2133 qnippe
508 2046 597 2112 cuius
618 2045 749 2129 Cyclops
774 2046 811 2109 de
842 2049 1001 2111 saetarum
1029 2045 1224 2127 turpitudine
1260 2046 1389 2112 minime
1420 2045 1553 2112 dubitet.

371 2170 446 2218 nam
459 2150 486 2215 si
502 2151 583 2235 cpud
600 2149 798 2216 Theocritum
815 2149 1029 2233 Polyphemus
1045 2149 1132 2232 idyll.
1149 2149 1196 2214 XI
1214 2171 1242 2217 v.
1258 2149 1301 2215 50
1316 2168 1382 2234 sqq.
1400 2150 1515 2217 Galate
1522 2168 1556 2215 ae

373 2257 449 2322 heec
470 2253 594 2321 suadet:

577 2370 606 2426 oi
625 2372 657 2425 ut
674 2388 719 2426 τοι
739 2371 825 2434 αὐτὸς
843 2372 921 2438 ἐγὼν
938 2372 1031 2428 δοκέω
1049 2375 1225 2443 λασιώτερος
1242 2375 1323 2442 ἦμεν,

544 2516 549 2522 ,
579 2459 639 2514 ἐντὶ
658 2458 743 2526 δρυὸς
760 2458 829 2513 ξύλα
849 2475 895 2524 μοι
912 2461 959 2512 καὶ
977 2460 1034 2513 ὑπὸ
1053 2461 1153 2526 σποδῷ
1174 2460 1323 2525 ἀκάματον
1341 2463 1410 2528 πῦρ·

544 2545 549 2552 “
576 2548 727 2613 καιόμενος
744 2546 769 2598 δ’
787 2547 844 2600 ὑπὸ
863 2551 928 2610 τεῡς
945 2549 992 2600 καὶ
1012 2548 1067 2602 τὰν
1086 2549 1182 2616 ψυχὰν
1201 2547 1364 2615 ἀνεχοίμαν,

374 2691 430 2738 suo
451 2670 576 2757 ingenio
610 2688 725 2753 sueque
759 2671 826 2734 orte
860 2688 936 2736 usus
971 2676 1018 2735 est
1041 2669 1190 2753 Ovidius,
1225 2671 1371 2754 quonium
1406 2669 1554 2755 Cyclopis
1670 2715 1671 2740 ι

371 2775 584 2841 rusticitatem
618 2773 736 2856 optime
770 2792 805 2838 eo
841 2774 967 2855 quidem
1000 2774 1200 2858 significauit,
1236 2776 1317 2859 quod
1350 2795 1423 2840 eum
1445 2780 1555 2842 contra

371 2877 572 2962 Theocritum
594 2878 697 2942 suetus
720 2874 841 2958 corpori
864 2874 990 2942 decorus
1014 2895 1081 2942 esse
1105 2877 1316 2942 affirmantem
1340 2877 1423 2944 fecit

475 2996 622 3064 Versibus
646 2997 707 3070 847
732 3016 798 3081 sqq.
829 3001 934 3062 sutem
957 2998 1107 3081 repetivit
1129 3001 1161 3065 et
1183 2998 1321 3065 varicvit
1344 2998 1477 3066 Ovidius
1511 3019 1554 3078 ec,

375 3118 453 3185 quae
476 3099 611 3184 legimus
634 3100 672 3166 A.
698 3101 735 3166 A.
759 3099 809 3163 ΙΙΙ
831 3100 894 3166 249
918 3119 978 3182 sq:

578 3239 660 3304 turpe
676 3250 761 3303 pectes
778 3237 914 3302 mutilum,
934 3237 1026 3304 turpis
1042 3237 1103 3291 sine
1120 3239 1246 3308 promtus
1264 3253 1383 3306 campus,

631 3327 656 3376 et
674 3322 733 3376 stne
750 3321 851 3388 fronde
868 3321 972 3388 frutex,
991 3329 1016 3378 et
1033 3325 1095 3378 eice
1113 3325 1189 3379 crine
1207 3331 1301 3394 caput.

372 3449 440 3515 sine
464 3445 559 3513 dubio
593 3447 677 3511 enim
699 3445 792 3525 Naso,
827 3464 898 3511 cum
922 3446 1151 3530 Polyphemum
1186 3447 1396 3514 affirmantem
1429 3447 1557 3515 iecisset

373 3555 476 3618 scetes
499 3550 534 3615 in
557 3566 682 3631 corpore
705 3551 820 3630 decere,
844 3550 937 3614 huius
954 3550 1015 3614 loci
1038 3550 1244 3633 iampridem
1267 3551 1434 3634 compositi
1457 3569 1555 3617 recor-

373 3654 466 3720 dutus
500 3653 557 3730 est,
581 3670 647 3733 quo·
663 3651 757 3717 vuriis
780 3650 944 3717 sententiis
968 3653 1073 3718 allatis
1097 3654 1295 3738 comprobare
1316 3654 1438 3720 studuit
1461 3655 1557 3737 caput

375 3758 441 3824 sinc
464 3757 549 3823 crine
572 3761 664 3840 turpe
687 3776 760 3822 esse.
1067 3751 1070 3758 ’

476 3875 549 3942 Μοιι
571 3876 782 3960 Polyphemus
806 3877 931 3942 oculum
953 3896 1045 3944 suum
1069 3878 1264 3945 carissimum
1289 3880 1391 3946 medic
1405 3880 1440 3946 in
1455 3880 1556 3945 fronte

375 3980 513 4065 positum
536 3978 586 4044 his
608 3981 768 4062 praedicat
789 3980 1000 4064 imaginihus:

504 4117 559 4171 861
578 4131 665 4170 uuum
683 4121 722 4170 est
739 4117 771 4170 ιἰι
788 4116 991 4173 mediolanen
1008 4117 1076 4172 ικιἹιι·
1092 4116 1195 4187 fronte,
1213 4118 1261 4174 sed
1278 4120 1370 4176 instar
1453 4119 1455 4122 ’

580 4203 700 4280 inpectis
718 4203 807 4271 clepet.
825 4202 915 4272 quid?
931 4220 990 4260 uon
1006 4204 1074 4260 tare
1091 4206 1184 4261 omnia
1201 4222 1297 4277 νιοριιο

580 4290 621 4344 col
637 4290 711 4344 videt
729 4305 744 4344 c
761 4289 858 4347 caclo?
874 4292 927 4347 sole·
943 4297 1037 4348 tamen
1054 4293 1153 4349 unicus
1170 4293 1251 4348 ordio.

376 4413 463 4480 cuius
487 4412 706 4497 descriptionis
729 4413 824 4480 verbu
846 4407 955 4498 ‘unum
978 4418 1032 4496 est,
1048 4415 1081 4492 in
1105 4417 1207 4492 medic
1222 4417 1429 4494 lumenmihi
1448 4411 1554 4484 fronte’

375 4520 447 4602 uptc
470 4516 733 4600 comparabuntur
748 4535 820 4582 cum
835 4518 937 4599 priore
953 4518 1146 4585 hemistichio
1163 4519 1320 4585 Theocriti
1334 4521 1424 4604 idyll.
1440 4521 1486 4588 XI
1501 4521 1555 4586 33:
