3370 5134
818 505 1052 570 -114-

339 696 441 760 altera
461 692 538 760 Met.
548 693 629 758 XIV
653 693 717 758 824
739 710 816 776 sqq„
840 711 900 775 quo
922 692 990 758 loco
1013 691 1146 759 ovinius
1167 691 1340 759 Romulum
1361 691 1395 756 in
1417 689 1526 772 Quiri·

339 818 414 864 num
439 798 667 864 commutatum
692 797 774 862 hunc
797 798 830 861 in
853 795 981 862 modum
1005 795 1189 879 descripsit:

751 915 851 986 corpas
868 901 983 954 monete
997 915 1051 968 per
1069 915 1156 954 caros

544 985 683 1054 dacorum
701 992 814 1054 tenccs;
831 986 870 1040 eie
888 986 947 1041 lota
961 987 1095 1054 plumbea
1110 984 1205 1052 fende

543 1073 626 1127 1111111
644 1073 710 1128 solet
728 1072 817 1128 medio
832 1074 913 1144 glans
930 1073 1098 1128 intabescere
1115 1074 1197 1127 coelo.

339 1182 450 1265 quibus
473 1179 506 1244 in
529 1177 722 1260 imaginibus
746 1176 978 1243 conscribendis
1000 1175 1169 1243 manifesto
1202 1173 1358 1258 spectavit
1388 1169 1521 1240 Ouidius

336 1283 475 1351 Lucretii
496 1283 728 1360 auctoritatem,
753 1281 807 1366 qni
830 1281 877 1345 VI
902 1282 963 1346 176
986 1299 1051 1364 sqq.
1075 1281 1133 1346 hoc
1148 1277 1274 1364 glandis
1291 1278 1430 1360 exemplo
1446 1293 1520 1341 usus

337 1389 395 1468 est,
418 1390 455 1452 nt
476 1406 565 1454 suam
588 1386 805 1471 comprobaret
828 1388 1026 1460 sententiam,
1051 1404 1087 1448 ex
1109 1384 1291 1467 quaomnia
1307 1380 1518 1447 metuerdes·

336 1510 404 1558 cere
426 1490 557 1558 statuit:

971 1578 1004 1628 ct
1021 1573 1116 1628 omnia
1132 1578 1208 1628 mota

538 1659 727 1730 percalefacto
743 1660 820 1714 eides
837 1659 989 1726 ardescere,
1003 1660 1132 1728 plumbeo
1149 1675 1211 1714 ecre

538 1747 619 1817 clara
636 1748 719 1802 aiam
737 1747 819 1816 longe
836 1761 921 1802 cerea
938 1746 1072 1802 enneade
1088 1745 1206 1802 calescit.

334 1855 410 1920 haec
424 1852 523 1934 igitur
537 1851 662 1936 glandis
678 1853 814 1918 volantis
830 1852 1086 1917 commemoratio
1105 1851 1139 1916 in
1151 1850 1257 1918 Ovidii
1271 1851 1377 1916 mente
1392 1867 1427 1915 co
1442 1849 1521 1914 laci·

333 1959 396 2023 lius
430 1957 642 2034 inhaerescere
675 1956 787 2037 potnit,
821 1956 901 2038 quob
939 1975 975 2021 ea
1007 1955 1041 2019 in
1074 1954 1185 2020 eodem
1217 1955 1298 2022 libro
1331 1953 1522 2021 Lucretiano

336 2081 364 2126 v.
388 2059 453 2124 306
474 2077 541 2141 sqq.
577 2057 727 2141 imaginis
760 2077 889 2124 munere
924 2058 1076 2142 fungitur,
1111 2076 1172 2140 qne
1204 2062 1317 2124 ventus
1348 2056 1522 2123 enubibns

335 2180 500 2248 erumpens
526 2164 559 2226 et
579 2179 672 2226 cursu
695 2162 790 2246 atque
812 2162 929 2243 pernici
952 2165 1041 2228 motu
1056 2161 1247 2228 incalescens
1263 2161 1308 2226 sie
1321 2160 1520 2226 illustretur:

539 2295 597 2334 reon
614 2278 673 2332 clia
689 2277 769 2347 lenge
786 2277 896 2332 reticere
914 2293 948 2332 oc
963 2278 1092 2346 plumbea
1108 2295 1189 2348 saepe

538 2363 650 2429 incide
666 2363 700 2430 nt
714 2365 794 2436 glans
811 2366 842 2419 tn
859 2381 952 2431 ocrea,
970 2381 1031 2419 eam
1049 2366 1138 2421 malta
1155 2366 1253 2437 rigoris

491 2485 494 2490 ·
539 2466 657 2520 corpora
674 2449 815 2505 dimitteres
832 2451 924 2522 igneae
940 2451 1065 2520 concepit
1081 2452 1113 2506 ire
1131 2452 1217 2506 caris.

332 2563 427 2643 etque
449 2559 517 2638 hae,
542 2575 620 2642 quas
641 2557 704 2622 iam
721 2555 864 2639 Zingerle
887 2555 1089 2641 significavit,
1112 2555 1307 2622 imitationes
1322 2556 1399 2622 adeo
1414 2557 1524 2620 certae

333 2669 426 2747 etque
448 2661 635 2756 manifestae
658 2663 743 2739 sunt,
778 2660 815 2726 ut
837 2660 899 2725 elie
933 2659 1119 2743 argumenta
1152 2660 1184 2724 et
1205 2661 1392 2727 intrinsecus
1411 2661 1443 2724 ct
1466 2677 1523 2724 ex-

332 2769 484 2835 trinsecus
500 2765 613 2850 petita,
630 2783 707 2847 qnae
722 2782 789 2829 rem
803 2763 982 2830 accuratius
997 2763 1149 2830 tractanti
1165 2768 1276 2848 sponte
1291 2783 1358 2830 sese
1370 2763 1522 2844 offerunt,

331 2871 368 2935 ut
389 2886 623 2952 supervacanea
647 2870 679 2932 et
701 2865 802 2932 otiosa
823 2867 892 2932 iure
915 2869 1061 2932 omittere
1083 2867 1212 2950 possim.

433 2973 544 3054 Itaque
569 2970 695 3036 iamed
719 2974 894 3036 extremam
917 2971 1106 3036 festinemus
1129 2971 1313 3054 imaginem,
1347 2989 1410 3054 qua
1439 2970 1524 3036 haec

331 3077 399 3142 tota
422 3073 604 3158 maculatio,
629 3077 783 3157 qnatenus
800 3073 933 3140 Ovidius
955 3075 991 3142 in
1005 3072 1272 3140 similitudinibus
1286 3075 1525 3142 conscribendis

330 3177 470 3246 Lucretii
505 3175 641 3261 vestigia
674 3176 831 3260 presserit,
866 3178 1052 3244 absolvitur.
1092 3180 1128 3246 in
1167 3177 1314 3262 epistulis
1347 3197 1383 3244 es
1416 3177 1525 3246 Ponto

330 3282 415 3348 enim
438 3281 507 3362 13,
533 3281 575 3346 10
596 3283 689 3364 poete
718 3279 789 3347 exul
818 3281 931 3349 Rufino
954 3283 1067 3350 scribit
1090 3303 1123 3350 se
1143 3283 1184 3349 ed
1206 3283 1299 3348 huius
1314 3300 1405 3348 voces
1422 3283 1523 3366 atque

329 3384 562 3458 adhortationes
585 3383 755 3451 revixisse:

586 3509 619 3560 at
635 3505 702 3560 solet
718 3505 815 3574 infuse
832 3521 903 3560 eene
919 3506 1012 3562 redire
1027 3523 1110 3562 mae.

329 3631 407 3696 quae
431 3609 538 3694 imago
562 3613 672 3693 aperte
694 3611 778 3677 redit
797 3614 839 3677 ed
861 3613 1000 3678 Lucretii
1022 3614 1128 3680 locum
1151 3613 1203 3678 III
1226 3613 1291 3680 476
1314 3631 1400 3697 sqq.=

534 3730 654 3802 dentosa
671 3746 727 3798 cor,
744 3732 879 3788 bominem
898 3750 960 3788 cem
977 3734 1037 3789 cini
1053 3735 1094 3788 eis
1107 3733 1267 3803 pencbecit

533 3817 606 3872 acris
623 3823 651 3872 et
667 3818 699 3872 c'rc
717 3835 801 3872 ocreas
818 3817 942 3874 dmecsse’t
959 3820 1065 3874 dictitas
1083 3820 1176 3887 arctor,

532 3903 708 3972 comeretur
724 3905 848 3976 oronites
865 3905 1046 3960 cambrensem
1068 3945 1075 3958 .
1102 3946 1108 3958 .
1136 3947 1143 3961 .

327 4009 402 4074 haec
425 4026 546 4093 quoqne
568 4009 730 4075 Nasonem
748 4010 886 4094 imagine
901 4011 962 4076 ills
977 4011 1133 4078 imitando
1151 4011 1337 4095 expressisse
1353 4013 1438 4078 certe
1454 4031 1521 4079 non

328 4111 439 4177 multis
463 4130 540 4194 opus
564 4116 612 4178 est
635 4114 858 4198 demonstrare,
882 4133 955 4181 cum
979 4134 1027 4181 res
1051 4115 1122 4200 ipsa
1142 4115 1357 4182 imitationem
1392 4119 1520 4202 arguat.

328 4234 436 4281 verum
459 4215 617 4281 tamensi
640 4217 694 4299 qni
717 4218 789 4298 sint,
813 4220 925 4302 quibus
948 4219 1028 4286 hanc
1043 4219 1253 4285 coniecturam
1271 4220 1389 4285 temere
1405 4221 1519 4286 fecisse

330 4317 448 4401 ridear,
473 4318 518 4384 eis
534 4319 603 4402 ipso
619 4319 718 4386 totins
734 4322 794 4387 loci
810 4325 990 4390 Lucretisni
1006 4327 1191 4408 argumento
1206 4323 1396 4408 perlustrato
1412 4325 1518 4391 omnis

328 4427 491 4488 evanescet
526 4423 694 4490 dubitatio.
731 4445 803 4492 nem
838 4446 910 4493 cum
941 4427 996 4494 hic
1028 4427 1122 4512 paule
1151 4430 1222 4512 post
1250 4427 1356 4497 lecum
1379 4427 1518 4494 ebatum

325 4526 370 4592 sic
391 4530 519 4612 pergat:
