3370 5134
614 525 849 590 -135-

137 713 183 780 εἷς
206 712 236 778 δ’
259 711 431 794 ὀφθαλμὸς
455 710 616 791 ἔπεστιέέ)
639 713 721 795 quod
744 714 849 778 autem
866 712 906 778 ad
922 713 1005 796 ipsas
1020 712 1175 796 imagines
1198 713 1323 792 attinet,

137 815 251 899 quibus
273 814 456 899 Polyphemi
480 814 586 880 oculus
609 815 799 892 illustratur,
824 814 888 880 iam
912 832 931 879 a
953 815 1064 880 multis
1086 816 1159 881 aliis
1182 817 1324 883 animad-

136 937 263 984 versum
285 920 333 984 est
356 917 504 984 Ovidium
528 918 590 983 hac
612 920 645 984 in
667 937 700 982 re
728 937 833 1000 presse
867 922 1012 984 secutum
1046 937 1112 984 esse
1135 920 1321 1004 Vergilium,

137 1023 190 1105 qui
213 1022 294 1087 Aen.
318 1022 368 1086 ΙΙΙ
391 1023 456 1088 635
479 1041 546 1105 sqq.
569 1023 646 1087 haec
668 1022 781 1087 hahet:

347 1181 354 1195 .
400 1179 406 1192 .
452 1181 458 1192 .
499 1148 525 1195 et
542 1142 595 1196 telo
613 1142 706 1196 tamea
723 1143 893 1197 terebramus
911 1150 991 1198 cereto

342 1229 447 1297 inperce,
466 1227 540 1296 qaod
558 1233 636 1282 lorea
653 1228 741 1282 solum
758 1228 807 1283 sub
824 1230 917 1296 secate
934 1229 1047 1296 latebat,

342 1314 468 1384 Argolici
486 1314 567 1382 eltpee'
585 1320 635 1367 aut
654 1314 796 1368 Phoebeae
814 1315 952 1384 lampadis
970 1317 1070 1371 instar.

137 1440 198 1504 qua
219 1421 251 1485 in
275 1420 454 1486 imitatione
476 1420 537 1485 hoc
560 1439 681 1503 quoque
702 1421 796 1486 velim
820 1421 983 1499 observes,
1017 1423 1096 1504 quod
1114 1419 1209 1486 Naso
1228 1419 1323 1504 clipei

137 1525 309 1608 imaginem
333 1527 441 1590 eadem
465 1526 708 1608 comparationis
730 1525 884 1608 particula
917 1524 1061 1591 adhibita
1094 1524 1227 1599 induxit,
1261 1541 1323 1605 qua

138 1632 219 1711 apud
240 1627 405 1694 Maronem
437 1627 547 1694 ambae
580 1627 735 1713 imagines
757 1628 968 1711 proferuntur.
1003 1631 1030 1694 si
1065 1630 1172 1694 autem
1194 1626 1322 1692 Ovidius

138 1734 271 1798 alteram
293 1731 369 1797 solis
392 1733 566 1815 imaginem
587 1752 642 1815 per
666 1732 881 1816 metaphoram
903 1733 948 1797 sic
972 1732 1235 1814 circumscripsit:

450 1891 455 1902 .
502 1889 508 1903 .
554 1892 560 1904 .
600 1851 689 1920 qaid?
705 1868 763 1906 aba
781 1853 847 1906 baec
865 1853 957 1906 emata
974 1868 1073 1923 mageo

341 1937 383 1991 sol
399 1938 473 1992 uidet
491 1953 505 1990 e
523 1937 617 1992 coelo?
633 1939 685 1992 seli
702 1944 796 1992 tamea
813 1939 914 1992 animes
931 1939 1013 2001 orbis,

136 2043 202 2108 sine
225 2043 319 2108 dubio
343 2060 414 2107 cum
438 2041 578 2125 Vergilio
607 2045 751 2110 certavit.
787 2063 861 2109 nam
895 2044 955 2109 etsi
978 2043 1063 2108 Naso
1097 2042 1314 2124 metaphorice

137 2147 267 2212 eandem
290 2147 413 2213 exhibet
428 2147 598 2230 imaginem
616 2167 709 2232 quam
725 2148 895 2233 Vergilius,
920 2152 1026 2214 tamen
1042 2148 1129 2213 illius
1153 2144 1321 2228 descriptio

137 2252 182 2316 ita
198 2250 247 2315 est
264 2252 450 2333 comparata,
469 2252 504 2314 ut
518 2250 702 2333 Polyphemi
726 2253 872 2333 superbia
895 2271 987 2335 quam
1005 2253 1142 2318 manime
1165 2251 1320 2315 efferatur.

239 2371 404 2436 Sedmodo
422 2369 560 2455 Cyclops,
579 2375 717 2453 quicum
734 2374 808 2437 love
831 2393 897 2438 sese
921 2373 1062 2439 conferre
1085 2391 1177 2437 ausus
1201 2372 1258 2453 est,
1281 2369 1321 2435 ad

136 2474 330 2541 humillimas
352 2493 460 2557 preces
484 2475 654 2540 descendit.
685 2495 841 2541 nomnen
865 2478 962 2558 pudet
996 2496 1066 2541 eum
1091 2474 1241 2540 Galateae
1275 2472 1320 2537 sic

137 2580 329 2662 supplicare:

605 2722 610 2732 .
685 2687 796 2735 tactum
812 2683 942 2736 me'serere
956 2696 1104 2750 precesque

340 2767 475 2835 supplicis
492 2767 612 2822 excedi:
630 2767 681 2821 tibi
700 2769 772 2822 eae'm
789 2769 987 2822 meecmbimas
1004 2768 1065 2825 arei.

136 2891 194 2956 quo
230 2871 298 2937 loco
331 2871 501 2953 respexisse
536 2874 658 2938 ridetur
680 2870 811 2939 Ovidius
835 2874 928 2959 Verg.
952 2874 1007 2940 ecl.
1031 2874 1065 2938 II
1088 2873 1106 2937 i
1129 2865 1187 2936 ‘nil
1219 2867 1319 2934 nostri

136 2965 303 3052 miserere,
327 2993 460 3059 quocum
484 2977 615 3040 conferri
637 2980 742 3060 potest
765 2978 894 3044 Theocr.
919 2979 981 3043 Vll
1007 2977 1085 3043 119:

345 3142 353 3157 .
380 3143 388 3157 .
415 3141 422 3157 .
446 3105 506 3160 ἐπεὶ
524 3106 577 3160 τὸν
596 3109 689 3161 ξεῖνον
708 3107 724 3161 δ
745 3108 888 3176 δύσμορος
906 3108 958 3163 οὐκ
978 3109 1052 3162 ἐλεεῖ
1072 3123 1131 3174 μευ.

135 3219 228 3283 verba
253 3218 360 3282 autem
385 3218 451 3283 ‘tibi
476 3218 560 3282 enim
594 3220 832 3286 succumbimus
855 3214 922 3286 uni'
958 3224 1030 3303 apte
1053 3218 1319 3303 comparabuntur

136 3341 208 3386 cum
231 3321 387 3387 Theocrit.
410 3321 462 3386 III
484 3321 526 3386 32
548 3341 612 3404 sq.:

340 3441 453 3509 ἁπρᾶν
471 3445 662 3508 ποιολογεδσα
681 3442 868 3511 Παραιβατίς,
887 3444 1003 3497 οὕνεκ’
1022 3443 1090 3508 ἐγὼ
1112 3442 1174 3508 μέν

341 3529 396 3582 τὶν
414 3528 495 3592 ὅλος
513 3529 692 3595 ἔγκειμαι,
710 3531 746 3582 τὺ
767 3529 798 3582 δέ
819 3546 869 3595 μευ
890 3530 977 3596 λόγον
996 3529 1102 3582 οὐδένα
1121 3527 1196 3596 ποιῇ.

134 3631 223 3698 ouius
245 3633 434 3698 imitationis
457 3635 660 3717 probabilitas
682 3635 736 3699 vel
758 3636 894 3700 manime
917 3636 1048 3718 paratur
1071 3654 1117 3715 eo,
1140 3635 1221 3717 quod
1244 3629 1321 3696 Ovi-

134 3736 204 3800 dius
227 3736 377 3800 ultimum
399 3737 573 3802 cantilenae
597 3756 723 3803 versum
750 3735 838 3819 (869)
864 3736 931 3802 ‘neo
954 3735 1158 3818 tuttelstet,
1175 3733 1318 3800 moveris’

133 3838 299 3904 manifesto
328 3839 535 3904 conformavit
568 3841 607 3904 ad
631 3842 768 3905 extrema
802 3839 896 3905 verba
929 3838 991 3904 loci
1024 3838 1199 3905 Theocritei
1222 3856 1319 3920 supra

132 3943 298 4025 propositi:
326 3945 365 4007 τὺ
393 3944 429 4010 δέ
457 3965 515 4024 μευ
537 3943 637 4020 λόγον
669 3943 788 4010 οὐδένα
809 3948 902 4026 ποιῇ,
937 3942 1124 4024 quibuscum
1147 3942 1318 4025 conspirat,

132 4045 213 4128 quod
235 4045 354 4129 legitur
376 4046 466 4129 idyll.
490 4046 537 4110 XI
559 4047 601 4112 29
624 4049 673 4113 τὶν
695 4045 722 4112 δ’
749 4046 789 4111 οὐ
812 4048 913 4126 μέλει,
937 4047 977 4111 οὐ
1000 4047 1044 4127 μὰ
1066 4045 1130 4123 aa,
1154 4047 1260 4111 οὐδέν.

235 4149 294 4216 Sed
317 4151 379 4216 iam
404 4152 442 4216 ad
465 4151 621 4236 imagines
645 4151 829 4229 Ouidianas‚
854 4170 933 4233 quae
957 4151 996 4217 ad
1021 4150 1197 4234 Vergilium
1216 4149 1317 4216 solum

132 4255 310 4320 referendae
332 4256 414 4333 sunt,
439 4256 636 4338 explicandas
658 4275 713 4320 nos
737 4260 903 4320 vertamus.
928 4273 990 4339 qua
1011 4255 1045 4318 in
1068 4273 1101 4319 re
1116 4252 1211 4319 initio
1227 4257 1317 4336 capto

237 4479 268 4549 ⁸³)
288 4479 433 4548 Conspirat
451 4497 510 4534 curn
530 4481 869 4548 r.851exparteetiam
898 4479 972 4534 locus
999 4477 1110 4533 Hesiodi
1138 4476 1240 4545 Theog.
1270 4481 1319 4530 143

135 4567 239 4630 μσδνος
257 4566 282 4618 δ’
301 4567 448 4633 ὀφθαλμὸς
468 4567 566 4634 μέσσῳ
587 4566 715 4620 ἐπέκειτο
736 4567 869 4634 μετώπῳ.
