3366 5132
816 528 1030 592 -36-

326 722 364 788 ad
386 721 537 787 harenam
558 718 751 802 pertinentes
775 717 808 781 in
830 715 921 781 libris
943 718 975 781 in
999 713 1090 780 exilio
1107 714 1291 798 conscriptis
1307 714 1507 797 potissimum

326 821 520 904 adhibuisse,
558 824 594 885 ut
625 839 658 886 se
697 818 844 904 plurimis
885 819 977 882 malis
1017 816 1211 899 miseriisque
1255 816 1419 884 addictum
1443 837 1509 883 esse

326 927 519 1008 ostenderet3
557 925 597 993 ci.
628 925 727 990 Trist.
755 924 825 1004 15,
854 923 911 1000 483
941 922 988 987 IV
1013 925 1043 1004 1,
1066 921 1123 999 55;
1153 921 1182 986 V
1206 923 1235 998 1,
1265 923 1325 1007 323
1355 924 1383 988 V
1406 923 1436 999 6,
1459 923 1513 988 43.

326 1032 485 1115 praeterea
508 1028 626 1096 videsis
642 1028 725 1093 locos
742 1047 760 1092 a
775 1027 937 1111 Zingerleo
961 1025 1119 1106 neglectos
1135 1027 1174 1092 Α.
1191 1027 1231 1091 Α.
1251 1026 1366 1108 1254;
1389 1025 1512 1096 nere.

326 1133 526 1218 praeiverunt
545 1134 652 1198 autem
664 1132 723 1196 hac
736 1132 767 1196 in
779 1129 987 1196 similitudine
999 1132 1179 1211 usurpanda
1191 1131 1349 1195 Homerus
1366 1130 1404 1195 Il.
1418 1130 1512 1208 1385,

327 1238 469 1304 Catullus
478 1237 542 1301 VII
556 1238 576 1301 3
593 1237 702 1300 etLXl
712 1235 784 1310 202,
798 1252 930 1316 quorum
942 1234 1006 1298 iam
1022 1236 1213 1298 mentionem
1225 1233 1304 1298 facit
1319 1232 1513 1319 Zingerleus

356 1379 357 1382 =
427 1341 473 1406 En
495 1341 540 1406 eis
562 1338 828 1404 similitudinibus
853 1336 1035 1416 ovidianis
1066 1356 1144 1419 quae
1169 1356 1185 1401 e
1208 1341 1322 1402 natura
1351 1356 1514 1421 corporum

327 1444 510 1510 caelestium
525 1443 642 1527 petitae
664 1447 749 1527 sunt,
771 1442 872 1526 primo
888 1442 954 1506 loco
972 1441 1128 1526 imagines
1146 1443 1184 1506 ad
1200 1441 1299 1505 solem
1317 1439 1510 1522 pertinentes

325 1566 553 1614 recenseamus,
588 1547 676 1611 cuius
705 1546 753 1610 rei
781 1544 958 1628 exemplum
991 1544 1088 1608 habes
1116 1545 1194 1610 Met.
1224 1543 1254 1607 V
1277 1543 1341 1608 570
1363 1562 1420 1626 sq.‚
1451 1561 1513 1625 quo

326 1654 393 1717 loco
423 1650 542 1716 Cereris
579 1650 672 1715 facies
706 1648 792 1714 Iovis
822 1649 859 1713 de
886 1648 1091 1729 Proserpinae
1129 1647 1291 1712 domicilio
1322 1645 1438 1712 iudicio
1467 1645 1513 1710 sic

326 1755 498 1822 exhilarata
521 1772 588 1818 esse
612 1753 748 1818 dicitur:

737 1878 769 1926 ut
787 1873 835 1935 sot,
855 1872 903 1940 qui
920 1876 1008 1926 tectos
1025 1873 1135 1940 aquosis
1194 1861 1196 1868 ’

532 1960 652 2014 uetitos
669 1965 736 2013 onte
754 1959 819 2025 suit,
839 1959 918 2012 cletis
937 1974 950 2011 e
968 1958 1087 2012 aubibus
1104 1959 1170 2013 exit.

326 2084 449 2150 prorsus
462 2067 568 2130 ecdem
581 2069 683 2147 imago
697 2062 795 2128 simili
807 2062 928 2128 ratione
950 2062 1097 2128 instituta
1109 2064 1194 2127 extat
1206 2061 1280 2126 Met.
1294 2060 1376 2126 XIV
1391 2060 1452 2126 768
1465 2079 1511 2144 sq.

327 2170 519 2235 Vertumnus
541 2167 627 2232 enim
652 2167 743 2232 cultu
766 2166 844 2231 anili
867 2166 981 2232 reiecto
1004 2167 1089 2232 utsus
1114 2171 1162 2231 est
1184 2167 1360 2232 Pomonae:

532 2289 623 2358 qualis
640 2288 690 2342 ubi
707 2288 844 2355 oppositos
860 2287 1028 2340 nitidissima
1045 2287 1110 2340 solio
1127 2287 1217 2356 imago

529 2374 610 2431 evicit
630 2374 714 2428 nubes
732 2373 865 2442 ualloque
882 2374 1007 2428 obstante
1026 2374 1140 2428 reluxit.

429 2480 549 2546 Similis
565 2484 697 2563 quodam
714 2480 806 2545 modo
818 2481 899 2562 apud
915 2480 1089 2545 Homerum
1105 2480 1154 2546 est
1171 2480 1314 2545 Hectoris
1331 2498 1403 2546 oum
1418 2479 1514 2544 stella

327 2605 362 2650 ex
383 2584 519 2649 nubibus
541 2584 695 2649 emicante
717 2585 907 2666 comparatio
929 2582 967 2647 Il.
991 2589 1009 2649 l
1031 2583 1074 2648 62
1097 2603 1185 2666 sqq:

531 2703 589 2767 οἶος
608 2704 632 2756 δ’
650 2705 681 2756 ἐκ
699 2705 816 2770 νεφέων
835 2702 1027 2770 ἀναφαίνεται
1046 2705 1141 2767 οὔλιος
1159 2704 1254 2772 ἀστὴρ

532 2789 716 2856 παμφαίνων,
734 2791 801 2844 τοτὲ
821 2790 844 2841 δ’
864 2790 944 2853 αὖτις
962 2791 1011 2843 ἔδυ
1030 2791 1122 2856 νέφεα
1141 2791 1284 2852 σκιοέντα,

533 2877 572 2940 ὣς
590 2877 710 2944 Ἕκτωρ,

326 3000 515 3065 quamquam
538 2981 578 3043 ad
599 2980 696 3044 aliam
719 2980 811 3062 plane
834 3000 901 3044 rem
917 2979 1140 3046 illustrandam
1156 2981 1331 3048 adhibitam
1346 3001 1412 3046 esse
1428 2983 1510 3047 hanc

325 3085 495 3168 imaginem
518 3082 659 3164 adparet.
683 3101 778 3164 quam
800 3082 984 3166 Apollonius
1008 3086 1116 3168 Arg.I
1138 3085 1202 3152 239
1225 3104 1270 3168 sq.
1294 3087 1342 3151 ita
1364 3086 1513 3168 variavit,

325 3193 360 3254 ut
382 3187 582 3271 Argonautas
605 3185 760 3252 conferret
784 3205 855 3252 curn
884 3188 994 3253 lucidis
1017 3188 1119 3254 stellis
1142 3189 1223 3254 inter
1247 3189 1345 3254 nubes
1369 3192 1512 3274 exsplen-

328 3287 578 3373 desoeutibus.¹⁶)

429 3394 455 3459 ll
477 3393 604 3474 reliquis
627 3392 890 3458 similitudinibus
907 3396 946 3459 ad
961 3411 1009 3458 res
1026 3396 1175 3462 caelestes
1190 3396 1420 3478 pertinentibus
1443 3417 1509 3463 una

327 3498 451 3562 tautum
473 3496 618 3562 hocloco
642 3496 803 3562 tractanda
825 3500 881 3574 est,
904 3515 982 3580 quae
1005 3499 1091 3564 extat
1113 3517 1148 3564 ox
1165 3499 1199 3563 P.
1216 3499 1247 3564 Il
1273 3500 1304 3582 5,
1328 3499 1371 3566 49
1393 3519 1439 3583 sq.
1463 3500 1510 3565 ibi

327 3603 411 3669 enim
433 3601 564 3668 Ovidius
585 3604 623 3667 de
645 3601 773 3668 Caesare
797 3601 980 3668 Germanico
1004 3603 1062 3668 hac
1084 3604 1186 3668 utitur
1208 3603 1364 3688 imagine:

532 3722 622 3790 surgit
639 3721 718 3775 Iuleo
735 3722 843 3776 iacente
859 3723 1019 3791 cognomine
1037 3722 1149 3792 dignus,

585 3808 675 3875 qualis
693 3809 727 3862 ab
747 3809 801 3862 eois
818 3809 920 3876 lucifer
938 3809 996 3862 ecit
1014 3809 1104 3876 aquis.

328 3913 382 3995 qui
414 3911 501 3976 locus
540 3911 627 3975 nobis
664 3912 696 3976 in
733 3916 871 3977 mentem
911 3916 999 3977 vocat
1035 3913 1169 3997 Vergilii
1208 3915 1381 3998 imaginem
1415 3916 1506 3980 illam

332 4018 421 4097 (Aen.
430 4014 510 4080 VIII
520 4012 585 4078 589
597 4016 692 4096 sqq),
704 4034 766 4096 qua
778 4015 882 4081 Pallas
895 4016 1033 4081 Euandri
1045 4015 1128 4082 filius
1140 4019 1222 4083 inter
1234 4019 1332 4084 socios
1345 4018 1512 4102 chlamyde

330 4125 361 4184 et
377 4119 472 4183 armis
488 4136 563 4184 auro
583 4122 772 4202 argentoque
788 4119 947 4184 distinctis
963 4120 1111 4186 excellere
1128 4121 1244 4188 dicitnr
1259 4123 1313 4200 ita,
1332 4126 1368 4186 ut
1382 4121 1510 4188 Lucifer
1527 4191 1530 4196 ,

330 4220 424 4290 stella
446 4221 561 4287 Veneri
585 4221 797 4303 dilectissima,
822 4241 900 4304 quae
929 4226 1029 4288 cetere
1057 4225 1141 4289 astra
1170 4223 1333 4307 splendore
1363 4227 1513 4308 superat:

331 4371 534 4382 -————-——

433 4441 465 4510 ¹⁶)
484 4443 546 4496 Alia
563 4459 605 4497 res
623 4446 665 4498 est
682 4443 717 4499 Il.
735 4461 753 4498 τ
771 4447 821 4498 398
839 4459 905 4513 sqq„
924 4443 973 4498 ubi
986 4443 1107 4500 Achilles
1125 4444 1207 4498 ermis
1226 4445 1358 4500 collucens
1377 4461 1436 4500 oum
1454 4445 1511 4502 solo

330 4529 450 4599 fulgenti
467 4532 644 4597 comparatur.
