3366 5132
844 492 1056 556 ...32-

358 667 432 734 Met.
456 668 517 736 XII
540 671 613 752 480,
636 675 690 738 uhi
713 695 817 758 pugna
832 679 890 742 illa
906 679 1109 762 Lapitharum
1134 686 1166 748 et
1181 683 1406 753 Centaurorum
1422 689 1539 754 deseri-

358 771 455 836 hitum
481 773 611 840 Latreus
635 778 718 841 enim
742 799 760 842 a.
783 778 903 846 anneo
926 785 1109 850 vulneratus
1134 787 1238 853 dolore
1261 789 1367 855 furens
1390 792 1423 855 iu
1440 792 1540 856 hostis

359 875 468 940 faciem
503 878 620 942 nudam
660 881 781 948 hastam
816 886 948 962 conicit,
992 906 1070 970 quae
1107 893 1213 956 tamen
1247 891 1318 957 inde
1352 912 1413 958 non
1448 895 1541 960 aliter

359 997 482 1043 recussa
504 982 567 1046 est:

769 1088 851 1140 quam
870 1077 933 1129 lecti
951 1092 969 1128 a
987 1077 1105 1131 culmiue
1122 1079 1239 1148 praedo.

357 1189 420 1252 qua
443 1171 473 1234 In
497 1190 531 1235 re
554 1172 627 1252 quin
652 1171 781 1242 OvidIus
815 1179 947 1264 Vergilii
976 1184 1080 1248 locum
1109 1185 1188 1250 Aen.
1220 1184 1247 1250 V
1276 1183 1341 1251 458
1370 1205 1435 1268 sqq.
1467 1186 1540 1250 ante
1574 1179 1577 1186 ’

357 1278 463 1344 oeulos
486 1275 630 1341 habuerit
664 1284 806 1366 equidem
829 1284 936 1350 nullus
961 1285 1080 1352 duhito.
1104 1288 1150 1351 ibi
1179 1289 1262 1353 enim
1286 1288 1405 1354 Entelli
1433 1305 1538 1372 pugna

357 1403 429 1450 oum
455 1386 567 1452 Dareta
590 1383 649 1459 hae
670 1395 833 1456 exornetur
856 1389 1078 1455 similitudine:

873 1526 954 1578 quam
972 1513 1060 1566 multa
1077 1513 1216 1583 grandiae
1234 1512 1319 1566 uimbr'

564 1601 727 1655 culminibus
744 1601 888 1667 crepitaret,
907 1599 946 1652 sic
964 1597 1055 1652 derasis
1072 1599 1170 1653 ictibus
1187 1600 1267 1653 heroe

562 1688 654 1740 creber
671 1692 791 1754 utraque
808 1701 893 1738 mauu
908 1685 1005 1752 pulsat
1023 1691 1168 1754 versatque
1186 1686 1303 1740 Dareta.

357 1791 516 1870 praeterea
546 1810 671 1856 versum
693 1794 847 1873 quendam
872 1807 1115 1856 commemorare
1138 1791 1227 1875 lieet,
1259 1791 1313 1874 qui
1336 1790 1395 1855 etsi
1418 1789 1539 1855 nullam

358 1894 496 1958 eontinet
526 1893 786 1972 similitudinem,
817 1896 924 1958 tamen
953 1894 992 1958 ad
1024 1894 1105 1958 hano
1128 1894 1321 1960 sententIam
1345 1894 1383 1958 de
1406 1890 1539 1975 Vergilii

274 2035 276 2040 ·
357 1997 533 2062 imitatione
556 1998 658 2063 facere
681 1998 816 2076 videtur,
840 1995 908 2061 dico
932 1996 1046 2079 Georg.
1069 1998 1085 2062 Ι
1108 1996 1187 2062 449:

562 2123 616 2172 tam
635 2119 724 2172 multa
741 2120 772 2172 iu
791 2119 868 2172 lectas
887 2119 1026 2186 crepitans
1044 2119 1109 2171 salit
1126 2116 1242 2172 torrida
1258 2117 1376 2187 praedo.

461 2222 520 2288 Sed
542 2223 707 2307 pergentes
731 2222 763 2287 in
787 2221 1012 2305 perlustrandis
1035 2221 1225 2305 imaginihus
1249 2221 1351 2286 enive
1373 2219 1483 2305 petitis
1505 2219 1537 2284 in

356 2324 587 2404 similitudines,
604 2345 683 2408 quae
700 2328 782 2408 apud
794 2328 966 2392 Homerum
979 2329 1010 2390 et
1023 2324 1170 2391 Ovidium
1183 2326 1264 2390 solos
1276 2327 1394 2403 entant,
1408 2323 1539 2388 incurri-

356 2445 436 2492 mus.
476 2431 591 2494 etenim
616 2428 672 2497 Od.
695 2452 713 2493 τ
736 2427 800 2494 205
822 2448 869 2511 sq.
892 2430 998 2512 imago
1022 2448 1038 2494 e
1061 2429 1142 2493 nivIs
1163 2431 1275 2493 natura
1297 2428 1398 2510 pet'ta
1419 2445 1454 2494 eo
1469 2428 1538 2492 loco

355 2549 424 2596 sese
458 2531 561 2612 oderi,
598 2532 652 2598 ubi
682 2532 788 2598 Ulixes
818 2533 1008 2617 Penelopam
1038 2532 1119 2599 ludit
1142 2532 1320 2597 narratione
1352 2531 1438 2596 fiola.
1475 2548 1537 2613 qna

356 2635 464 2700 audita
486 2635 661 2718 Penelopae
684 2655 780 2720 genae
803 2636 941 2703 lacrimis
964 2638 1122 2721 rigantur:

562 2758 601 2819 ὡς
620 2758 650 2810 δὲ
668 2758 740 2824 χιὼν
759 2757 930 2824 κατατήκετ’
949 2759 981 2811 ἐν
1000 2757 1200 2826 ἀκροπόλοισιν
1220 2757 1343 2824 ὄρεσσιν,

562 2845 600 2909 ἢν
618 2845 643 2896 τ’
664 2843 751 2910 Εὖρος
768 2844 934 2910 κατέτηξεν,
953 2845 1027 2910 ἐπὴν
1045 2845 1178 2912 Ζέφυρος
1197 2842 1350 2910 καταχεύῃ.

356 2929 437 2992 hano
464 2929 635 3012 imaginem
667 2931 832 3012 quinquies
870 2933 1008 2996 exhibuit
1038 2929 1170 2995 Ovidius
1198 2931 1231 2993 in
1261 2929 1465 2996 carminibus.
1503 2948 1537 2995 ao

355 3032 494 3114 primum
525 3050 560 3098 ea
588 3033 675 3098 nohis
704 3034 839 3099 occurrit
863 3034 953 3118 epist.
976 3035 1055 3100 XIII
1078 3035 1117 3100 51
1143 3052 1201 3116 sq,
1224 3032 1280 3096 ubi
1301 3036 1393 3115 pocta
1414 3032 1537 3099 Laoda-

358 3135 456 3200 miam
481 3134 652 3200 Protesilao
674 3135 750 3201 haec
772 3135 960 3201 sedbentem
984 3137 1073 3202 facit:

560 3235 607 3290 sed
625 3237 713 3301 ltmeo,
732 3238 908 3307 quotiensque
925 3239 1010 3291 subiit
1027 3238 1177 3292 miserabile
1195 3237 1306 3290 bellum:

612 3339 686 3376 more
704 3323 778 3378 reicis
798 3324 927 3378 lacrimae
944 3325 999 3379 sole
1017 3325 1152 3378 madentis
1170 3330 1244 3378 earet.

354 3431 416 3495 alio
438 3430 506 3495 loco
533 3431 617 3512 (Am.
641 3429 703 3507 Il,
728 3428 781 3508 58)
797 3427 928 3495 OvidIus
952 3433 1084 3496 eandem
1113 3431 1284 3514 imaginem
1308 3431 1346 3497 de
1369 3433 1474 3515 puella
1499 3435 1538 3499 ab

356 3534 455 3598 amico
478 3535 640 3599 verberata
663 3537 805 3616 usurpat,
829 3535 917 3600 cuius
940 3534 1090 3600 lacrimae
1112 3534 1166 3599 diu
1189 3553 1346 3618 repressae
1369 3539 1537 3622 erumpunt

356 3657 410 3720 per
432 3637 562 3704 faeiem:

611 3741 732 3808 qualiter
750 3747 857 3794 umecta
875 3741 908 3795 de
925 3743 988 3794 aiae
1005 3747 1099 3794 marcet
1118 3757 1198 3809 aqua.

355 3844 466 3909 deinde
489 3843 596 3909 eadem
619 3843 792 3910 similitudo
816 3863 883 3910 sese
907 3845 998 3910 offert
1021 3844 1114 3909 Trist.
1139 3845 1187 3910 ΠΙ
1210 3845 1240 3924 2,
1267 3845 1306 3910 19
1334 3865 1390 3930 sq,
1421 3867 1483 3930 qua
1505 3851 1536 3915 in

354 3947 454 4030 elegia
469 3944 599 4012 Ovidius
614 3949 807 4014 lamentatur
822 3968 855 4013 se
872 3949 903 4014 in
918 3947 1046 4032 Scythia
1068 3949 1101 4013 in
1117 3948 1239 4014 assiduo
1255 3949 1332 4015 fletu
1350 3954 1382 4016 et
1397 3969 1536 4018 maerore

355 4050 454 4114 vitam
477 4048 603 4131 degere:

558 4151 599 4204 uit
617 4151 673 4204 uisi
691 4151 755 4219 (lere
773 4153 846 4218 libet,
866 4169 917 4207 aec
936 4158 1029 4207 mostra
1043 4153 1158 4221 parcior
1175 4152 1261 4206 imber

612 4237 716 4291 lamiae
735 4236 769 4291 de
787 4254 880 4305 verua,
899 4255 981 4308 quam
999 4239 1062 4294 uice
1080 4243 1177 4293 00000
1194 4254 1275 4307 aqua.

353 4360 479 4425 prorsus
502 4341 587 4407 idem
610 4342 745 4426 legimus
770 4363 805 4409 ex
828 4343 864 4409 P.
887 4346 918 4409 Π
942 4345 972 4425 3,
996 4345 1038 4412 89
1062 4364 1124 4428 sq:

562 4446 734 4514 eaeemploqae
752 4445 833 4509 uiuis,
852 4461 933 4513 quam
951 4446 1032 4501 solvit
1050 4447 1194 4516 aquaticas
1211 4447 1322 4514 Auster,

611 4538 693 4602 putta
709 4549 761 4600 per
779 4533 984 4587 00010000
1003 4534 1096 4588 oborta
1113 4549 1212 4603 pereas.
