3366 5132
621 567 830 632 „21-

239 755 1318 842 ApudVergiliumeademimagoerapiumnaturapetitatribuslocis

136 863 224 928 nobis
248 862 396 938 occurrit,
420 879 552 944 qnorum
574 879 634 925 uno
657 877 775 943 quoque
798 863 890 943 poeta
913 879 949 925 ea
971 861 1010 924 ad
1033 860 1129 925 aliam
1151 879 1219 926 rem
1242 863 1319 927 illu-

137 965 297 1030 strandam
320 982 395 1030 usus
419 967 475 1030 est.
500 964 617 1028 etenim
646 965 721 1028 Aen.
745 963 761 1028 I
784 962 850 1029 430
872 981 938 1045 sqq.
963 963 1128 1045 Tyriorum
1150 965 1315 1045 industria,

137 1089 196 1152 qua
232 1067 458 1150 Carthaginem
492 1070 601 1133 urbem
638 1068 789 1149 condunt,
825 1067 982 1130 confertur
1016 1067 1122 1150 apium
1146 1069 1316 1148 sedulitati,

137 1192 212 1256 quas
234 1191 314 1238 nora
348 1175 464 1237 aestate
487 1190 542 1253 per
564 1171 658 1237 florea
680 1190 753 1236 rura
774 1171 832 1235 sub
857 1171 921 1234 sole
944 1170 1033 1235 labor
1055 1174 1185 1236 exeroet.
1217 1174 1316 1239 altero

136 1279 199 1343 loeo
215 1279 294 1342 Aen.
311 1276 356 1341 VI
374 1275 434 1340 707
452 1294 518 1359 sqq.
543 1276 630 1340 Maro
653 1271 760 1362 apium
783 1275 910 1358 agmina
932 1275 1050 1356 profert
1072 1295 1182 1341 serena
1196 1280 1316 1344 aestate

136 1381 173 1445 ad
196 1380 261 1444 mel
282 1379 454 1462 parandum
478 1379 509 1443 in
540 1397 664 1461 campos
687 1379 889 1456 evolantium,
914 1380 1026 1461 quibus
1055 1379 1166 1460 ingens
1189 1380 1316 1448 umbra-

135 1503 204 1549 rum
229 1485 317 1566 eopia
339 1481 528 1561 illustratur,
553 1501 648 1566 quam
672 1483 791 1547 circum
813 1500 937 1548 amnem
960 1482 1133 1548 Lethaeum
1156 1485 1316 1550 volantem

133 1588 253 1652 invenit
277 1586 413 1652 Aeneas:

340 1722 372 1760 ae
390 1707 461 1760 uelut
478 1707 509 1760 iu
524 1706 617 1774 pratis
635 1707 681 1759 ubi
700 1721 766 1773 apes
783 1712 886 1759 aestate
904 1722 1002 1760 sereua

338 1793 450 1861 floridus
467 1793 593 1846 iusiduut
611 1792 696 1846 uariis
715 1798 741 1846 et
759 1791 881 1845 candida
898 1793 999 1848 circum

337 1881 398 1934 lilia
416 1879 585 1944 fuuduutur,
603 1881 703 1948 strepit
721 1881 807 1932 amuis
829 1895 969 1932 murmure
987 1897 1108 1948 campus.

132 1985 260 2049 tertiam
284 1986 414 2067 denique
437 1986 604 2067 imaginem
629 1983 788 2065 Vergilius
818 1985 894 2049 Aen.
919 1985 980 2050 XII
1002 1983 1064 2050 587
1090 2005 1157 2070 sqq.
1186 1988 1314 2069 Apollo-

30 2163 32 2168 ,
132 2090 219 2152 nium
235 2090 313 2170 Arg.
330 2087 361 2153 H
378 2088 441 2152 130
456 2106 522 2170 sqq.
539 2088 683 2152 imitatus
699 2106 735 2152 er
750 2088 861 2168 apibus
878 2088 964 2154 fumo
981 2090 1092 2172 sopitis
1110 2093 1313 2174 deprompsit.

235 2206 366 2273 Ovidius
390 2199 496 2273 autem
518 2207 625 2290 apium
655 2208 846 2290 imaginibus
876 2214 1038 2293 tamquam
1068 2213 1169 2276 iocose
1204 2214 1313 2293 ut'tur,

130 2314 167 2378 ut
201 2312 379 2394 puellarum
412 2312 629 2393 frequentiam,
664 2331 742 2394 quae
781 2314 820 2377 ad
854 2314 943 2378 ludos
978 2315 1114 2380 celebres
1149 2316 1310 2398 festinant,

133 2415 292 2493 ostendat,
318 2416 356 2480 A.
379 2415 418 2478 A.
442 2415 457 2478 l
481 2414 523 2480 93
546 2433 631 2497 sqq:

337 2540 370 2587 ut
387 2535 460 2588 redit
477 2535 551 2602 itque
562 2537 698 2604 frequens
715 2537 825 2606 louqum
836 2538 957 2601 formica
972 2553 1024 2604 per
1042 2555 1148 2607 apmerr,

389 2623 531 2690 promisero
548 2625 658 2677 solitum
677 2640 736 2677 cum
754 2625 825 2677 uehit
844 2639 890 2676 ore
908 2623 1004 2685 citum,

336 2715 385 2762 aut
403 2715 435 2762 ut
452 2725 519 2778 apes
535 2711 674 2779 saltusque
691 2726 754 2764 suos
773 2717 798 2763 et
816 2710 919 2764 olentia
938 2714 1035 2763 uectae

387 2811 492 2864 pascua
506 2812 558 2864 per
574 2798 654 2864 flores
672 2804 697 2850 et
715 2798 808 2864 thyma
825 2812 931 2849 summa
948 2798 1050 2859 uolam,

335 2884 375 2938 sic
392 2886 450 2937 ruit
468 2885 499 2936 iu
517 2885 631 2937 celebres
649 2885 800 2937 cultissima
811 2885 920 2949 feuaiua
939 2884 1029 2937 ludos.

134 3006 191 3068 qua
213 2988 373 3054 occasione
396 2988 491 3052 simul
512 2990 623 3072 prioris
646 2990 794 3073 imaginis
819 2988 990 3054 Ouidianae
1022 2991 1139 3054 fontem
1169 2990 1312 3074 detegere

134 3089 213 3156 licet.
243 3094 322 3157 hanc
355 3094 437 3156 enim
472 3093 710 3158 similitudinem
743 3095 890 3159 formicas
913 3095 1105 3176 spectantem
1133 3093 1216 3159 Naso
1244 3095 1312 3159 sine

135 3196 223 3261 dubio
247 3196 387 3278 Vergilio
412 3195 513 3274 debet,
538 3198 652 3280 quippe
675 3200 728 3279 qui
751 3201 829 3262 Aen.
853 3198 898 3261 IV
920 3197 983 3262 402
1014 3216 1080 3280 sqq.
1113 3198 1309 3281 industriam,

134 3318 190 3380 qua
212 3301 287 3365 socii
310 3305 433 3366 Aeneae
456 3318 492 3365 ea
515 3304 634 3381 perant,
659 3319 737 3384 quae
760 3320 835 3384 opus
859 3306 942 3380 sunt,
973 3305 1125 3385 utquam
1149 3301 1310 3365 celerrime

136 3402 236 3468 Africa
260 3406 372 3469 relicta
394 3405 443 3486 ad
457 3405 584 3470 ltaliam
607 3408 798 3486 perveniant,
822 3407 904 3469 huno
926 3406 957 3468 in
981 3407 1107 3469 modum
1125 3406 1266 3469 exornet:

334 3541 367 3578 ac
384 3527 459 3579 uelut
476 3525 609 3594 iupeutem
625 3526 758 3591 formicae
775 3527 865 3592 farris
883 3542 1004 3580 acervom

334 3627 394 3664 eum
409 3611 548 3680 popularet
568 3613 664 3664 hiemis
683 3629 813 3665 memores
831 3618 952 3679 tectoque
970 3617 1125 3678 reportarat:

333 3698 356 3752 it
375 3700 484 3768 uiarum
502 3700 606 3766 eampis
625 3716 723 3768 apmeu
737 3699 923 3766 praedamque
940 3715 991 3766 per
1008 3698 1104 3750 herbas

223 3808 229 3819 ¹
335 3791 497 3839 eouoeetaut
515 3786 584 3838 calle
603 3792 724 3855 aupusto,
741 3802 810 3854 pars
827 3785 949 3854 pecudia
967 3785 1088 3838 truduut

334 3871 450 3924 atrimae
467 3872 609 3937 srumeuta
627 3874 737 3936 umeris,
756 3889 824 3940 pars
842 3873 954 3941 aqmiaa
972 3877 1071 3941 coquat

331 3957 519 4026 castiqamtque
537 3974 636 4022 moras,
656 3975 735 4027 opere
755 3961 841 4012 amuis
857 3960 953 4012 semita
969 3959 1062 4025 seruet.

231 4061 333 4143 Ipsius
357 4062 495 4127 Maronis
529 4067 635 4128 autem
654 4067 760 4148 ,imago
790 4067 895 4146 aperte
923 4064 1005 4129 redit
1027 4065 1066 4129 ad
1095 4064 1309 4146 Apollonium,

133 4162 180 4242 qui
203 4165 280 4246 Arg.
306 4163 352 4227 IV
377 4164 462 4230 1450
486 4185 531 4248 sq.
556 4168 632 4233 haee
653 4167 762 4232 habet:

330 4284 370 4346 ὡς
390 4277 412 4336 δ’
432 4283 521 4339 ὁπότε
543 4287 661 4352 στεινὴν
679 4287 743 4352 περὶ
761 4287 894 4353 χηραμὸν
913 4286 1085 4342 εἱλίσσονται

332 4371 478 4438 γειομόροι
497 4371 640 4440 μύρμηκες
658 4373 802 4437 ὁμιλαδόν.

228 4471 289 4539 Sed
318 4476 483 4540 redeamus
514 4477 552 4541 ad
583 4473 739 4558 Ovidium,
771 4479 823 4559 qui
854 4479 1097 4543 similitudinem
1128 4497 1164 4543 er
1193 4479 1307 4560 apibus

133 4576 259 4653 petitam
289 4577 385 4643 etiam
423 4579 518 4644 Trist.
553 4579 579 4642 V
609 4581 639 4663 6,
670 4581 711 4646 38
744 4585 783 4646 ad
814 4582 1051 4647 multitudinem
1086 4583 1306 4648 illustrandam
