3366 5132
624 507 835 571 ..31-

343 695 383 757 ιίις
401 695 425 746 δ’
445 696 533 749 ὁπότε
554 692 693 760 Κρονίδης
711 695 834 760 πυκινὴν
852 694 958 761 ἐφέηκε
976 696 1103 761 χάλαζαν

340 781 371 834 ἐκ
390 781 505 847 νεφέων
525 782 580 835 ἀνά
599 780 624 833 τ’
643 781 715 834 doru
734 781 781 834 καί
800 779 883 844 οίκία,
903 783 948 834 τοί
966 782 991 834 δ’
1010 782 1066 835 ὑπὸ
1086 787 1179 835 τοῖσιν

340 867 473 920 ἐνναέται
492 868 616 932 κόναβον
634 866 748 931 τεγέων
766 867 838 934 ίίπερ
858 865 1015 930 είσαῖοντες

341 953 427 1020 ἧνται
444 953 526 1020 ἀκήν,
545 954 607 1007 ἐπεί
626 954 659 1006 οὔ
679 967 735 1019 σφε
755 953 911 1020 κατέλλαβε
930 951 1063 1019 χείματος
1082 954 1144 1020 ὥρη

340 1038 525 1109 ἀπροφάτως,
545 1039 615 1093 ἀλλὰ
634 1042 699 1109 πρίν
718 1040 914 1108 ἐκαρτύναντο
934 1039 1088 1107 μέλαθρον·

341 1124 380 1190 ὣς
397 1126 502 1180 πυκινὰ
520 1125 611 1193 πτερὰ
629 1130 722 1179 τοῖσιν
741 1124 860 1192 ἐφίεσαν
880 1124 1029 1188 ἀίσσοντες

339 1213 391 1279 ὕψι
410 1213 473 1277 μάλ’
493 1211 531 1277 ἀμ
551 1212 674 1277 πέλαγος
692 1213 819 1281 περάτης
837 1209 876 1275 είς
894 1211 982 1280 etipsa
999 1211 1092 1277 γαίης.

133 1313 252 1380 Εοοίιιε
276 1316 307 1380 in
333 1316 441 1381 eadem
465 1335 497 1380 re
521 1316 658 1400 imagine
680 1336 754 1382 usus
777 1320 825 1381 est
840 1319 879 1382 ab
894 1316 995 1382 imbro
1010 1316 1111 1399 petita
1126 1316 1164 1383 fr.
1181 1317 1242 1382 287
1261 1316 1318 1382 V.:

338 1436 441 1491 hastati
458 1442 592 1508 spargrmt
608 1438 711 1504 hastas,
729 1437 761 1504 fit
777 1436 888 1501 ferreas
905 1437 998 1491 imber.

132 1557 265 1621 quooum
288 1559 380 1607 versu
400 1543 472 1626 apte
495 1542 641 1627 ooniungi
663 1561 750 1625 posse
773 1543 909 1609 arbitror
932 1543 971 1606 ir.
995 1543 1074 1609 288:

337 1659 492 1716 ἀκοκασίαν
509 1663 612 1732 sarapis
629 1664 775 1718 horrentia
793 1663 848 1718 tela
866 1664 996 1731 uirorum,

133 1752 163 1812 et
186 1746 223 1812 fr.
247 1748 330 1813 431:

338 1849 463 1919 aridique
479 1852 646 1906 ooaoeaiaat
664 1853 705 1907 σοί
722 1857 754 1906 at
771 1853 857 1906 imber
874 1853 929 1907 tela
947 1854 1066 1908 tribuae.

132 1954 290 2037 Vergilius
312 1956 441 2021 imbrem
463 1958 496 2021 et
518 1959 622 2024 nivem
645 1957 678 2024 et
697 1959 885 2041 grandinem
909 1958 1054 2024 adhibuit
1076 1962 1115 2026 ad
1138 1960 1260 2045 copiam
1283 1964 1316 2028 et

133 2058 322 2124 densitatem
336 2059 585 2145 signifioandam.
602 2058 648 2126 sia
661 2060 738 2126 Aen.
755 2061 802 2125 IX
813 2061 876 2128 668
889 2079 955 2145 sqq.
969 2081 1118 2146 pugnam,
1135 2082 1195 2146 qua
1211 2067 1318 2129 exorta
1408 2047 1410 2051 ¹

132 2179 259 2246 eampus
282 2162 382 2230 hastis
405 2165 437 2228 et
459 2163 531 2229 telis
556 2164 740 2246 completur,
764 2166 813 2229 his
836 2163 1011 2232 illustravit
1032 2167 1315 2234 similitudinibus:

335 2291 457 2354 quantas
475 2285 509 2339 ab
527 2301 626 2339 οοοοαα
643 2286 753 2340 naaieao
768 2286 942 2356 pluvialibus
959 2287 1068 2342 Haedis

336 2372 461 2427 verberat
479 2372 564 2427 imber
581 2373 701 2439 bamam,
720 2390 803 2442 qaam
820 2375 908 2428 malta
926 2374 1065 2443 prandisse
1083 2375 1169 2429 aimbi

335 2459 367 2511 ia
384 2458 458 2513 uado
472 2461 672 2528 praecipitarat,
692 2476 752 2514 earn
772 2459 905 2530 Iuppiter
922 2461 1054 2516 horridas
1071 2463 1173 2517 austris

335 2550 442 2615 torquet
459 2561 587 2614 aqroosam
604 2547 717 2601 hiemem
732 2553 760 2602 et
778 2549 853 2602 eaelo
871 2563 938 2603 σανα
955 2549 1053 2603 aabila
1070 2549 1184 2618 rumpit.

130 2652 289 2731 praeterea
322 2651 587 2717 commemorandi
620 2655 693 2716 sunt
727 2653 787 2717 looi
810 2651 921 2736 Goorg.
946 2653 991 2718 IV
1015 2654 1057 2719 80
1090 2657 1123 2719 et
1156 2654 1220 2720 312
1253 2674 1314 2739 sq„

131 2771 262 2834 qaorum
289 2770 353 2818 uuo
379 2754 486 2837 apium
515 2755 687 2820 multitudo
710 2755 742 2819 in
778 2757 876 2822 atrooi
898 2757 1015 2838 proelio
1037 2758 1218 2823 audentium
1241 2778 1311 2825 oum

129 2856 278 2939 grandine
292 2857 567 2944 oonlortur,altaro
580 2861 686 2924 autem
698 2859 825 2925 eaedem
833 2878 869 2925 ex
875 2859 1014 2925 alveario
1020 2859 1141 2926 evolare
1153 2861 1313 2941 dicuntur,

130 2959 174 3026 ‘ut
197 2958 327 3025 aestivis
350 2960 467 3027 effusus
491 2963 626 3029 nubibus
640 2962 758 3030 imber’.
784 2964 916 3048 denique
940 2965 991 3029 nix
1012 2964 1045 3029 in
1069 2964 1205 3050 imagine
1219 2966 1311 3031 indu-

129 3064 220 3144 oitur,
243 3081 322 3148 quae
345 3067 432 3131 extat
456 3066 534 3130 Aen.
558 3067 605 3132 XI
627 3067 688 3132 611
703 3085 759 3151 sq.,
775 3068 831 3132 ubi
847 3068 913 3134 tela
935 3070 974 3134 ab
989 3069 1109 3134 Latinis
1125 3073 1157 3134 et
1170 3069 1314 3136 Troianis

128 3170 242 3234 emissa
267 3167 357 3234 ‘nivis
381 3168 454 3233 ritu’
478 3169 565 3234 humi
588 3169 736 3235 cedidisse
759 3177 939 3237 narrantur.

232 3271 381 3338 Ovidium
405 3274 436 3339 in
454 3260 526 3339 'eius
549 3275 635 3340 modi
652 3274 911 3341 similitudinibus
933 3274 1117 3341 adhibendis
1134 3276 1309 3359 Vergilium

127 3378 199 3442 ante
223 3376 329 3444 oeulos
352 3377 499 3445 babuisse
522 3377 587 3444 iam
611 3395 644 3444 eo
668 3377 829 3462 probabile
851 3377 898 3459 fit,
922 3379 1003 3463 quod
1026 3380 1108 3460 apud
1131 3378 1221 3444 illum
1245 3381 1313 3445 sola

125 3479 245 3564 grando
273 3479 313 3547 ad
343 3483 463 3566 oopiam
485 3481 709 3549 illustrandam
731 3483 901 3550 inducitur.
936 3482 982 3548 sio
996 3483 1072 3548 Met.
1092 3482 1118 3545 V
1143 3483 1204 3548 158
1226 3482 1310 3548 Naso

127 3583 305 3668 Cephenum
327 3604 466 3670 pugnam
490 3587 701 3669 descripturus
717 3586 781 3651 tela
796 3586 915 3652 eireum
931 3585 1051 3651 Phinea
1067 3583 1195 3669 eiusque
1212 3586 1311 3651 socios

126 3690 268 3757 volantia
283 3690 435 3775 grandine
454 3690 587 3756 hiberna
601 3691 692 3773 plura
709 3690 806 3755 fuisse
822 3693 939 3772 narrat,
958 3695 989 3755 et
1005 3709 1040 3754 ex
1056 3689 1089 3754 P.
1102 3689 1148 3754 lV
1165 3690 1194 3766 7,
1212 3689 1253 3754 33
1266 3709 1309 3772 sq.

126 3793 263 3860 Vestalis
287 3795 438 3860 virtutem
461 3794 631 3878 praedicat,
655 3797 692 3860 ut
710 3795 764 3877 qui
788 3793 897 3878 ‘gradu
920 3793 1041 3877 ingenti
1070 3793 1178 3860 eontra
1193 3792 1311 3859 ferrum

126 3900 156 3962 et
171 3899 276 3963 locum
288 3899 320 3963 et
331 3900 449 3981 lapides
463 3897 621 3964 densiores
636 3898 790 3981 grandine
807 3897 945 3963 brumali
960 3897 1151 3963 ascenderit’.
1174 3899 1311 3980 itemque

125 4000 183 4066 hue
195 3999 351 4066 referendi
363 4003 436 4066 sunt
451 4001 513 4067 loni
528 4003 588 4067 duo
600 4002 648 4070 lo.
664 4001 729 4067 200
740 4002 772 4067 et
786 4000 860 4079 466,
884 4018 1015 4084 quorum
1028 4019 1088 4067 uno
1112 4001 1203 4085 poeta
1214 4001 1310 4079 mala,

126 4123 202 4187 quae
237 4104 365 4171 inimico
394 4123 448 4170 suo
471 4106 698 4188 impreoaturus
722 4105 786 4186 est,
822 4105 921 4170 altero
943 4106 1049 4169 autem
1072 4105 1310 4170 multitudinem

126 4226 283 4286 saxorum,
314 4208 427 4291 quibus
451 4209 623 4276 Abderitae
645 4209 785 4277 homiues
808 4210 936 4275 devotos
960 4207 1125 4293 petebant,
1148 4209 1310 4293 grandinis

126 4309 262 4396 imagine
284 4311 412 4378 indicat.

227 4414 400 4501 Singularis
413 4416 518 4501 imago
528 4416 601 4482 inde
611 4416 736 4500 prodiit,
750 4418 831 4500 quod
844 4417 1011 4501 grandines
1021 4415 1054 4480 in
1067 4415 1151 4481 tecta
1162 4416 1311 4481 cadentes

124 4520 244 4586 resilire
282 4522 393 4587 solent.
432 4540 492 4603 qua
529 4541 566 4588 ex
603 4540 635 4587 ro
672 4520 804 4588 Ovidius
842 4522 1080 4588 similitudinem
1118 4519 1311 4602 deprompsit
