3370 5134
833 510 1066 576 -138-

457 703 622 768 Mutuatus
646 702 752 767 autern
776 702 825 765 est
847 698 979 766 Ovidius
1002 699 1174 782 imaginem
1196 698 1274 764 Met.
1299 700 1346 767 lX
1367 699 1409 764 46
1433 717 1498 782 sqq.
1521 720 1537 762 1

355 803 505 887 Vergilio,
544 807 596 888 qui
620 807 697 871 Aen.
720 803 783 869 XII
806 803 869 866 715
904 820 970 886 sqq.
1005 801 1164 884 singulare
1199 803 1366 880 certamen,
1394 801 1434 866 ad
1457 802 1537 885 quod

357 909 480 973 Aeneas
504 911 538 972 11
559 909 683 973 Turnus
707 904 941 984 descenderant,
966 904 1049 970 hunc
1071 906 1104 969 in
1126 904 1256 970 modum
1276 904 1468 970 illustravit:

560 1060 592 1098 ac
609 1044 682 1098 uelut
699 1042 807 1113 tupeuti
825 1041 886 1096 suu
903 1056 1038 1096 1111111111
1057 1041 1189 1095 Toturuo

559 1145 621 1183 111111
639 1129 695 1184 duo
712 1129 848 1183 couoersr'e
865 1127 980 1182 iuimicus
997 1127 1029 1180 iu
1041 1127 1154 1195 proelia
1171 1128 1249 1181 tauri

559 1218 699 1284 frontibus
716 1218 869 1271 iucurruut
887 1213 998 1284 (pauidi
1015 1215 1266 1286 cessaremagistri,

560 1307 615 1358 stat
628 1318 715 1372 pecus
732 1295 811 1356 omae
828 1307 901 1355 metu
918 1307 1023 1355 mutum
1041 1307 1220 1370 mussantque
1237 1302 1376 1368 tuueucae,

560 1391 622 1458 quie
638 1390 744 1444 uemort
761 1389 909 1458 imperitet,
928 1405 1007 1458 quem
1024 1393 1083 1443 totu
1101 1394 1230 1444 ormeutc
1246 1390 1427 1459 sequautur),·

486 1478 544 1532 720
561 1478 604 1532 1111·
620 1479 693 1532 auter
709 1492 766 1532 ecee
784 1477 875 1531 multo
891 1477 919 1532 oi
935 1477 1050 1531 uoluere
1067 1477 1180 1531 miscent

560 1579 718 1633 coruucque
735 1564 833 1618 obuius·
850 1564 972 1633 iufipuut
991 1569 1015 1617 et
1033 1565 1168 1633 eoupuiue
1186 1564 1261 1634 turpe
1326 1569 1328 1576 “

560 1650 630 1704 collo
647 1665 791 1718 arenaeque
810 1650 921 1715 loocut;
938 1649 1042 1719 pemitu
1059 1665 1156 1704 uemus
1174 1665 1252 1703 oroue
1268 1649 1398 1719 remugit:

561 1752 618 1790 uou
636 1737 718 1791 aliter
737 1736 807 1790 Troe
825 1737 933 1789 Aeueoe
951 1741 976 1789 et
994 1734 1130 1790 Douuius
1147 1736 1226 1790 teres

561 1827 730 1877 coucureuut
748 1821 860 1889 clipea's;
878 1822 974 1891 eugeus
990 1821 1088 1891 fragor
1104 1821 1217 1875 uetuere
1235 1822 1357 1890 couplet.

355 1963 449 2028 quam
482 1946 652 2032 imaginem
686 1947 713 2012 si
737 1947 932 2012 contenderis
967 1963 1039 2010 cum
1062 1944 1169 2011 Ovidii
1198 1946 1421 2024 similitudine,
1457 1944 1539 2008 carte

355 2049 503 2114 concedes
525 2049 697 2133 Nasonem,
727 2067 915 2133 quamquam
944 2048 1045 2131 magis
1067 2049 1216 2113 brevitati
1239 2047 1409 2126 consuluit,
1434 2048 1538 2112 111111

357 2152 460 2217 multo
495 2152 615 2218 iclicius
648 2152 679 2217 in
716 2171 752 2216 ea
786 2155 1003 2217 reversatum
1038 2171 1103 2216 esse
1126 2170 1222 2234 quam
1245 2151 1431 2236 Vergilium.
1463 2167 1535 2213 nam

354 2254 495 2338 proiecto
507 2255 639 2321 Acheloi
654 2274 762 2339 pugna
777 2274 848 2320 cum
859 2255 1007 2328 Hercule,
1023 2257 1076 2337 qui
1088 2248 1217 2338 ‘digitos
1233 2254 1342 2338 digitis
1359 2255 1391 2319 et
1405 2253 1539 2317 frontem

355 2357 460 2422 fronte
481 2357 684 2440 premebant’,
708 2360 810 2424 multo
833 2361 935 2443 magis
958 2360 1125 2441 respondet
1149 2358 1331 2434 certamini,
1354 2357 1436 2439 quod
1458 2357 1541 2421 inter

354 2460 433 2526 duos
456 2463 573 2527 exarsit
593 2466 701 2528 tauros
725 2462 871 2529 cornibus
894 2483 926 2528 se
949 2464 1087 2528 invicem
1109 2467 1268 2546 petentes,
1298 2480 1394 2543 quam
1417 2461 1539 2525 Aeneae

355 2569 387 2630 et
409 2565 512 2630 Turni
533 2565 710 2644 dimicatio,
746 2567 799 2648 qui
828 2565 937 2647 clipeis
960 2565 1072 2630 armati
1097 2569 1297 2632 concurrunt.
1332 2563 1387 2629 scd
1409 2561 1539 2630 Ovidius

354 2686 417 2734 uon
440 2670 540 2734 solum
564 2669 735 2753 imaginem
751 2669 968 2753 Vergilionem
989 2669 1091 2751 ipsam
1107 2671 1139 2734 in
1157 2687 1250 2733 usum
1265 2687 1358 2733 suum
1374 2667 1539 2738 convertit

354 2771 529 2837 sedetiam
562 2772 594 2836 in
617 2772 754 2857 singulis
789 2774 881 2838 rebus
913 2774 1049 2837 auctoris
1073 2773 1121 2836 sui
1145 2771 1281 2855 vestigia
1304 2772 1428 2852 pressit.
1465 2789 1538 2835 nam

355 2875 487 2959 Vergilii
511 2876 607 2941 verta
632 2875 769 2941 ‘inimica
792 2876 823 2940 in
847 2876 965 2958 proelia
988 2876 1072 2940 lauri
1095 2866 1269 2939 incurrunt'
1293 2874 1431 2940 reddidit
1453 2872 1538 2939 Naso

354 2976 460 3041 verbis
482 2972 590 3042 ‘fortes
602 2995 784 3042 concurrere
800 2978 926 3052 tauros,
949 2980 981 3042 et
996 2977 1076 3043 illud
1091 2977 1229 3042 Maronis
1248 2977 1413 3044 ‘conuersis
1429 2976 1539 3042 fronti-

353 3071 436 3164 bus,
458 3080 541 3162 quod
564 3081 601 3145 ds
623 3082 723 3145 tauris
745 3080 940 3157 dictumest,
958 3080 1091 3146 Ovidius
1115 3081 1279 3146 transtulit
1294 3081 1335 3146 ad
1350 3082 1540 3164 pugnatores

356 3189 388 3249 11
412 3183 585 3250 accuratius
608 3182 744 3248 reddidit
767 3185 868 3249 verbis
887 3178 1034 3249 ‘frontem
1056 3185 1159 3250 fronte
1181 3183 1382 3267 premebam’.
1405 3183 1539 3266 denique

355 3287 540 3368 Vergiliana
559 3280 636 3352 ‘stat
657 3306 751 3370 pecus
774 3306 865 3352 omne
886 3295 974 3354 metu
998 3294 1122 3354 mutum
1146 3291 1351 3371 mussantque
1378 3288 1539 3365 iuvencas,

354 3391 426 3474 quis
448 3391 568 3456 nemori
602 3390 779 3474 imperitet,
814 3409 907 3473 quem
943 3399 1010 3458 1111
1044 3400 1188 3458 armenta
1210 3391 1366 3456 secuntur’
1400 3389 1486 3456 Naso
1508 3392 1541 3454 in

354 3493 483 3562 brevius
517 3494 687 3559 contraxit:
724 3484 880 3576 ‘spectant
917 3501 1061 3560 armenta
1097 3498 1272 3577 paventque
1306 3496 1411 3560 nescia
1448 3513 1540 3576 quem

356 3601 483 3664 maneat
505 3598 587 3663 tanti
619 3598 753 3664 victoria
774 3598 885 3683 regni'.
918 3599 995 3664 haec
1018 3600 1126 3664 autem
1148 3600 1310 3663 taurorum
1331 3598 1540 3682 pugnantium

355 3701 522 3784 descriptio
547 3700 728 3785 Vergiliana
751 3701 856 3768 Ovidii
880 3702 980 3767 menti
1003 3721 1038 3767 eo
1061 3702 1163 3786 magis
1187 3700 1281 3767 infixa
1303 3699 1399 3765 fuerit
1415 3717 1539 3765 necesse

356 3808 413 3886 est,
438 3807 518 3889 quod
541 3823 578 3870 11
601 3806 753 3888 copiosius
777 3807 933 3872 tractatur
946 3805 1059 3888 Georg.
1082 3804 1322 3888 111220sqq,
1347 3823 1408 3888 quc
1423 3820 1459 3868 ex
1473 3802 1539 3866 loco

355 3907 411 3974 hos
434 3905 588 3973 ascribam
613 3925 735 3972 versus:

562 4044 605 4099 oze
623 4045 795 4100 ulterrmutee
811 4045 899 4100 multo
916 4046 944 4100 ui
958 4045 1067 4113 proelio
1083 4047 1196 4099 misceat

561 4130 717 4184 vomeribus
733 4131 843 4197 mebris,
860 4132 929 4186 teuit
947 4137 1008 4185 oter
1024 4145 1140 4199 empore
1156 4132 1277 4201 scapum,

561 4231 698 4283 cereoque.
709 4216 741 4270 iu
760 4217 875 4272 obuiam
892 4223 1031 4287 urpeutur
1048 4231 1155 4272 coruuc
1172 4224 1248 4271 costo

562 4319 624 4358 cum
640 4304 750 4373 peuce,
768 4303 881 4358 reboout
898 4304 1034 4374 siluaeque
1052 4310 1078 4359 et
1095 4306 1193 4374 leupus
1216 4303 1356 4376 Olpuepue.

459 4415 621 4510 Vergilius
637 4429 742 4493 autem
757 4428 790 4493 in
806 4447 862 4493 soa
876 4429 1014 4512 imagine
1037 4428 1261 4494 conscribenda
1275 4446 1308 4494 sa
1325 4429 1365 4493 ad
1381 4429 1537 4513 Apollonii

355 4531 460 4597 locum
484 4535 560 4616 Arg.
584 4531 680 4597 1188
704 4551 749 4614 sq.
773 4531 957 4614 adplicavit:
