3370 5134
863 495 1077 562 ..96-

379 682 446 748 sine
468 681 563 748 dubio
592 701 661 748 eam
690 683 830 750 Lucretii
860 684 1100 767 descriptionem
1131 690 1202 752 onte
1232 685 1478 768 oculoshebuit,
1502 685 1558 752 ubi

377 786 428 854 hic
451 785 490 850 de
512 786 621 852 eadem
643 806 677 852 re
699 806 729 852 v.
752 788 816 854 312
839 805 906 871 sqq.
931 788 1008 854 hoec
1029 789 1134 869 hebet,
1158 809 1238 872 quse
1253 790 1412 872 disputet:

582 921 596 959 e
613 906 732 961 tenebris
748 913 839 961 autem
857 913 1010 976 quaesunt
1027 909 1059 963 im
1076 910 1136 963 luce
1154 915 1264 964 tuemur

577 998 728 1060 propterea
745 994 821 1061 quie,
838 1009 900 1047 cum
914 995 1032 1062 propior
1049 994 1178 1066 eoliqiuis
1195 999 1244 1050 abr

483 1091 485 1100 ·
581 1085 641 1133 uter
659 1080 713 1134 imit
730 1081 823 1135 oculos
836 1082 920 1148 prior
937 1087 963 1135 et
977 1080 1100 1150 possedit
1117 1088 1238 1151 apertos,

581 1166 736 1236 insequitur
752 1165 875 1222 cuudcus
892 1168 1036 1234 coufestim
1053 1167 1165 1223 lucidus
1182 1172 1240 1237 air,

580 1254 630 1321 qui
647 1244 734 1322 quusi
741 1260 845 1324 purqut
864 1270 908 1308 eos
925 1272 958 1309 uc
977 1255 1075 1324 elprae
1092 1255 1203 1319 discidit
1221 1255 1335 1311 umbros

581 1341 654 1394 ubres
672 1340 762 1394 illiue:
779 1357 845 1394 uum
863 1341 957 1395 multis
970 1342 1102 1410 partibus
1118 1343 1163 1396 bic
1182 1347 1223 1398 est

580 1427 707 1482 mobilior
724 1429 869 1497 mettisque
886 1429 1020 1482 minutior
1037 1434 1064 1482 et
1080 1446 1155 1500 moqe
1168 1430 1284 1498 pollens.

580 1516 628 1583 qui
644 1515 726 1569 simul
744 1520 827 1583 atque
844 1516 904 1570 eius
922 1515 1063 1570 oculorum
1082 1516 1142 1571 luce
1159 1517 1277 1584 repleuit

579 1605 660 1669 utque
674 1600 833 1669 patefecit,
852 1616 921 1668 quoe
939 1606 1004 1654 aute
1021 1601 1165 1656 obsederat
1182 1607 1250 1666 uter,

578 1691 646 1742 adra
664 1688 796 1742 contiuuo
813 1703 906 1740 rerum
923 1688 1076 1741 simulacra
1092 1694 1234 1755 secuntur,

580 1789 650 1842 quae
667 1775 721 1828 sita
738 1780 804 1827 euml
821 1774 853 1827 iu
872 1774 940 1840 luce,
957 1774 1149 1843 brceeeuutque
1166 1781 1198 1829 ul
1217 1773 1364 1830 uideamus.

374 1878 507 1961 denique
530 1876 653 1954 Ouidio,
678 1897 750 1944 cnm
773 1877 870 1943 Trist.
894 1875 962 1958 19,
994 1878 1032 1943 11
1057 1897 1124 1962 sqq.
1161 1880 1240 1946 satis
1263 1879 1366 1964 lepide
1401 1882 1555 1965 parasitos

373 1980 427 2064 qni
449 1981 593 2047 secundis
626 1983 751 2046 tentum
783 1980 876 2046 rebus
899 1981 1001 2048 emico
1024 1982 1147 2065 adsunt,
1182 1985 1238 2050 heo
1259 1987 1380 2053 noterit
1404 1987 1557 2070 imagine:

579 2109 663 2171 utque
681 2118 767 2157 comes
785 2101 879 2158 redies
894 2119 947 2173 per
964 2103 1029 2158 solis
1047 2105 1172 2159 euntibus
1189 2102 1287 2160 umbro
1305 2111 1353 2173 est,

630 2205 690 2244 cum
709 2190 776 2244 latet
794 2189 839 2243 bio
852 2205 967 2257 pressus
984 2190 1111 2257 mutibus,
1129 2191 1180 2245 ille
1196 2193 1279 2263 suqit,
1401 2184 1405 2191 ’

578 2278 675 2332 mobile
691 2278 730 2331 sic
748 2276 874 2345 sequitur
891 2274 1023 2342 sommum
1041 2278 1149 2332 lumime
1167 2279 1279 2349 culpus:

629 2381 700 2434 quoe
717 2366 799 2420 simui
815 2367 934 2422 inducta
951 2367 1023 2432 mube
1041 2371 1183 2436 tequutur,
1201 2367 1267 2432 obit,

371 2468 437 2535 eius
471 2471 688 2554 descriptionis
721 2475 924 2541 erorotionee
958 2476 990 2539 in
1023 2477 1163 2538 mentem
1197 2473 1302 2540 venire
1336 2474 1453 2557 potuit,
1488 2493 1557 2558 qus,
1668 2519 1669 2543 r

371 2591 402 2638 v.
424 2571 490 2638 364
511 2592 578 2659 sqq.
602 2575 732 2640 umbrae
756 2581 870 2644 netnre
893 2577 939 2642 itu
961 2576 1167 2643 describitur:

576 2695 674 2750 umbro
690 2695 801 2762 ridetur
817 2698 882 2752 item
899 2697 979 2751 mobis
996 2698 1028 2752 im
1044 2686 1100 2752 sole
1117 2697 1221 2752 moveri

502 2783 558 2835 365
575 2787 601 2836 et
619 2781 731 2852 oestiqia
748 2789 843 2838 mostra
860 2783 938 2852 sequi
954 2789 1112 2854 qeotumque
1129 2783 1249 2847 imitari;

503 2973 557 3025 370
574 2971 605 3026 ui
622 2971 729 3037 mirum,
748 2974 815 3041 quio
833 2981 912 3028 terra
929 2974 994 3028 locis
1012 2989 1047 3028 eu
1064 2972 1164 3029 ordiue
1182 2973 1263 3027 certis

576 3057 679 3111 lumime
695 3058 828 3126 privatur
844 3060 908 3114 solis
925 3077 981 3128 qud
999 3074 1113 3128 cumque
1129 3064 1252 3113 meantes

576 3148 721 3214 efficimus,
740 3147 863 3214 repletur
880 3147 944 3200 item
961 3146 1034 3215 quod
1051 3146 1183 3215 liquimus
1200 3147 1267 3210 eius,

571 3233 771 3302 proptereofit
788 3234 830 3287 uli
847 3232 987 3300 uideatur,
1005 3249 1075 3302 quae
1090 3232 1148 3298 fuit
1166 3233 1264 3286 umbra

575 3322 706 3390 corporis,
725 3337 739 3374 e
757 3321 865 3388 reqioue
882 3320 977 3374 eudem
994 3337 1044 3374 mos
1062 3335 1147 3388 usque
1164 3324 1267 3374 secutor.

574 3424 680 3476 suuper
699 3408 771 3461 euim
788 3423 860 3460 uoou
877 3422 906 3460 ee
924 3405 1068 3461 radiorum
1086 3405 1194 3460 lumime
1212 3404 1340 3469 fumduut

571 3495 718 3564 primoque
738 3493 908 3561 dispereunt,
926 3494 1008 3560 quasi
1024 3493 1057 3545 iu
1075 3493 1169 3561 iqmem
1186 3491 1254 3545 leue
1270 3492 1410 3549 redicem.

569 3587 721 3650 propterea
737 3580 822 3646 facile
841 3585 865 3633 et
883 3581 1020 3648 spoliatur
1037 3580 1141 3634 lumime
1160 3586 1246 3645 terra,

573 3673 600 3723 et
616 3669 741 3737 repletur
758 3668 821 3722 item
838 3667 984 3737 uiqrasque
1001 3667 1053 3721 eibi
1071 3666 1160 3721 obluit
1177 3666 1295 3720 umbmm

470 3789 638 3858 Praetereo
660 3794 813 3874 quaedem
835 3790 1025 3864 imitationis
1048 3789 1188 3856 Lucretii
1216 3789 1351 3874 vestigia
1378 3788 1548 3871 deprehen·

367 3896 440 3961 dere
457 3894 533 3960 licet
555 3894 588 3959 in
611 3914 646 3961 ee
668 3896 805 3979 imagine
826 3893 988 3973 Ovidiene,
1012 3912 1091 3977 quse
1113 3894 1197 3961 exiet
1225 3892 1304 3959 Met.
1333 3892 1368 3957 II
1396 3891 1459 3957 722
1489 3909 1545 3973 sq,
1661 3961 1662 3966 ,

367 3998 422 4065 nbi
445 3997 575 4066 Ovidius
609 4000 731 4064 Hersen
754 4016 772 4064 a
793 3997 950 4064 Mercurio
984 3999 1185 4079 conspectum
1219 3997 1308 4062 tento
1337 3995 1543 4079 pulchriorem

368 4102 478 4169 ceteris
499 4102 612 4186 puellis
636 4102 733 4168 fnisse
755 4104 880 4169 narrat:

570 4229 676 4292 querito
693 4222 868 4291 splendidior
885 4239 968 4292 quem
986 4228 1076 4278 cetera
1093 4221 1186 4278 sidera
1204 4223 1292 4294 sulpit

362 4355 368 4368 .
570 4309 695 4378 Imuiser,
714 4315 741 4364 et
758 4315 863 4378 qucum
880 4315 915 4378 te,
934 4308 1059 4376 Lucifer,
1079 4325 1167 4365 simeo
1184 4309 1299 4366 leebe.

365 4413 482 4482 similis
503 4417 608 4500 imago
631 4418 695 4483 iem
718 4415 807 4500 epist.
828 4416 921 4481 XVII
945 4418 984 4482 ll
1016 4435 1082 4500 sqq.
1113 4416 1241 4500 legitur,
1270 4434 1330 4498 quo
1359 4415 1426 4482 loeo
1455 4413 1546 4498 poete

365 4520 541 4587 minorum
563 4520 684 4586 Heroni
706 4520 782 4586 hece
804 4520 993 4586 scribentem
1016 4521 1105 4587 fecit:
