3366 5132
768 537 978 602 „50-

286 745 356 792 cum
391 723 466 787 baec
500 723 571 805 equi
612 724 650 788 de
686 723 793 805 'palma
827 725 976 790 certantis
1011 726 1178 808 descriptio
1215 728 1398 794 Lucretiana
1435 747 1471 792 ca

286 828 467 913 excipiatur,
490 843 568 909 quae
590 829 629 892 ad
646 846 753 892 canem
772 828 972 892 venatoriam
987 831 1133 911 pertinet,
1156 834 1398 898 consentaneum
1422 835 1470 898 est
1514 900 1518 908 ,

289 932 438 999 Ovidium
460 929 552 996 huius
576 947 696 1012 quoque
719 931 940 1013 descriptionis
970 935 1167 1006 recordatum
1189 935 1296 999 ambas
1324 935 1399 1000 illas
1420 955 1469 1000 ex·

288 1036 443 1121 cogitasse
475 1034 712 1112 similitudines,
747 1035 859 1117 quibus
892 1035 1107 1118 pulcherrime
1141 1038 1346 1120 cupiditatem
1380 1057 1469 1105 suam

293 1138 389 1206 amici
412 1137 588 1203 celebrandi
610 1138 792 1204 illustrarit.

391 1243 500 1324 Neque
514 1239 716 1325 redarguitur
732 1243 809 1308 haec
825 1245 1004 1310 coniectura
1020 1263 1063 1330 eo,
1091 1245 1172 1328 quod
1187 1245 1367 1328 Zingerleus
1383 1248 1414 1312 Π
1431 1247 1483 1310 11

290 1349 422 1413 alteram
454 1343 567 1410 Ovidii¹
597 1347 767 1428 imaginem
805 1349 844 1412 ad
878 1367 985 1414 canem
1025 1351 1222 1415 venatorium
1259 1350 1468 1431 pertinentem

288 1451 537 1532 coniungendam
561 1470 626 1516 1111
648 1454 773 1534 putavit
795 1471 866 1518 cum
890 1454 986 1518 Ennii
1009 1453 1048 1521 lr.
1071 1454 1135 1518 344
1158 1453 1213 1519 V.:

489 1573 560 1626 sicat
577 1574 602 1625 sa'
620 1572 734 1640 quaudo
753 1573 851 1626 dioclis
868 1574 996 1627 cenatica
1014 1576 1093 1628 oeloa

490 1664 558 1726 apta
575 1659 642 1712 solet
660 1659 737 1712 cauis
754 1659 826 1724 forie
843 1659 933 1725 feram
951 1659 991 1713 sea⁸
1008 1676 1077 1713 aare
1094 1659 1186 1730 aupaci

490 1746 584 1809 1111111,
603 1760 665 1798 uoce
682 1761 734 1799 aaa
752 1746 831 1798 aierit
849 1746 991 1814 ululatque
1009 1746 1048 1800 a'ba'
1063 1751 1152 1800 acute.

288 1867 363 1914 nam
386 1850 602 1931 praeterquam
636 1852 717 1931 quod
750 1850 834 1915 inter
868 1852 950 1917 hunc
984 1853 1087 1916 locum
1111 1854 1143 1917 et
1167 1851 1470 1936 Ovidii-imaginem

286 1953 349 2018 hue
371 1953 579 2034 pertinentem
602 1971 728 2035 prorsus
752 1954 839 2019 nulla
864 1956 1031 2022 intercedit
1055 1959 1183 2021 externa
1205 1957 1388 2034 similitudo,
1413 1957 1469 2020 hos

288 2075 395 2123 versus
417 2057 573 2120 Ennianos
598 2057 706 2121 -multo
742 2058 847 2139 aptius
883 2059 968 2122 inter
1002 2078 1053 2124 eas
1088 2059 1243 2143 imagines
1266 2079 1282 2124 e
1303 2061 1470 2125 venatione

287 2161 404 2244 petitas
427 2159 623 2223 collocandas
646 2178 714 2224 esse
737 2163 887 2244 statuam,
910 2163 944 2225 in
968 2162 1082 2244 quibus
1106 2163 1194 2228 canis
1217 2165 1298 2228 ieras
1321 2163 1470 2245 quasdam

286 2281 473 2347 persequens
503 2262 672 2330 inducitur.
711 2264 818 2346 itaque
849 2265 906 2329 hoc
934 2265 1028 2329 Ennii
1059 2266 1272 2349 fragmentum
1303 2284 1409 2348 reapse
1435 2266 1471 2328 in

287 2366 382 2432 tertia
405 2366 496 2432 huius
521 2368 746 2433 dissertationis
770 2370 860 2451 parte
884 2374 1119 2454 comparaturus
1135 2389 1205 2436 sum
1222 2391 1294 2437 cum
1309 2371 1471 2452 Apollonii

287 2473 363 2555 Arg.
376 2469 482 2536 [1278
494 2490 572 2554 sqq,
585 2471 719 2554 Vergilii
731 2475 808 2537 Aen.
823 2473 887 2536 XII
901 2474 962 2539 749
978 2493 1055 2557 sqq,
1068 2472 1175 2539 Ovidii
1190 2474 1265 2539 Met.
1280 2474 1295 2537 Ι
1311 2475 1374 2540 1133
1390 2493 1470 2556 sqq,

288 2593 420 2657 quarum
443 2577 583 2639 omniurn
606 2575 779 2658 imaginum
807 2576 846 2640 ad
870 2579 1065 2642 venationem
1088 2579 1313 2661 pertinentium
1336 2578 1471 2643 fundum

286 2679 460 2744 Homerum
482 2696 517 2742 ea
540 2677 754 2762 similitudine,
780 2698 858 2761 quae
877 2684 961 2744 extat
984 2680 1020 2744 ll.
1047 2701 1065 2760 χ
1090 2681 1151 2745 189
1167 2699 1245 2764 sqq,
1269 2682 1378 2748 iecisse
1400 2700 1471 2763 per-

288 2782 390 2864 spexit
411 2781 593 2864 Zingerleus
616 2780 637 2845 l.
662 2782 733 2868 o.²¹)

388 2887 432 2951 Ut
455 2888 560 2950 autern
592 2885 624 2950 id
649 2904 768 2969 quoque
805 2887 908 2952 obiter
938 2890 1105 2970 attingam,
1140 2888 1295 2970 Lucretio,
1325 2889 1353 2954 si
1376 2907 1468 2953 canes

290 2988 462 3054 venatorios
478 2991 511 3052 in
526 3006 633 3053 somno
648 2991 781 3071 vestigia
796 2991 963 3056 odorantes
979 2992 1111 3071 induxit,
1130 2992 1264 3058 fortasse
1279 2993 1354 3057 haec
1369 2990 1470 3057 Theo-

288 3091 361 3162 criti
384 3090 558 3156 similitudo
580 3092 657 3157 XXI
679 3093 722 3156 44
745 3110 790 3174 sq.
814 3095 978 3159 obversata
1000 3100 1061 3159 est:

957 3216 1077 3283 καὶγὰρ
1097 3215 1127 3268 ὲν
1146 3217 1245 3278 ὕπνοις

483 3301 566 3374 Ι1111111
586 3298 666 3350 κύων
686 3315 718 3352 τε
736 3299 835 3364 λαγὼν
854 3302 1051 3365 μετασεύεται,
1069 3300 1153 3367 qam
1171 3301 1281 3368 κήγών.

387 3402 514 3467 Possem
530 3405 592 3467 iam
608 3402 648 3468 ad
664 3421 779 3469 nouam
794 3404 949 3470 familiam
965 3407 1212 3471 similitudinum
1228 3426 1264 3471 ex
1279 3405 1469 3472 animalibus

286 3506 459 3588 petitarum
480 3508 623 3584 transire,
647 3507 709 3572 uisi
731 3525 782 3572 111
804 3507 973 3590 flagitaret,
996 3511 1033 3574 ut
1051 3510 1146 3574 aliam
1162 3529 1282 3594 quoque
1299 3511 1469 3591 imaginem

288 3610 326 3675 ab
349 3629 425 3693 equo
449 3610 590 3692 petitam,
614 3613 673 3676 etsi
695 3612 787 3676 huius
805 3612 893 3696 origo
910 3613 1093 3695 neutiquam
1110 3615 1286 3680 aLucretio
1302 3614 1471 3695 repetenda

287 3717 344 3790 est,
369 3714 426 3778 hec
449 3715 515 3778 loco
538 3719 715 3781 tractarem.
738 3701 825 3780 Met,
840 3715 891 3778 III
916 3716 980 3780 704
1001 3735 1068 3798 sqq.
1101 3717 1184 3782 enim
1212 3717 1344 3783 Penthei
1373 3716 1468 3793 furor,

285 3815 339 3898 qni
375 3816 597 3881 bacchantium
634 3816 808 3883 ululatibus
845 3817 961 3882 auditis
1003 3819 1149 3899 novatur,
1193 3818 1252 3885 hac
1288 3818 1468 3904 depingitur

289 3918 508 3982 similitudine:
598 3969 600 3974 .

388 4122 422 4188 ²¹)
441 4121 565 4176 Ceterum
590 4138 658 4194 quae
681 4125 784 4194 legitur
807 4127 885 4195 epist.
904 4125 987 4182 XVII
1015 4131 1061 4180 165
1085 4142 1124 4196 sq.
1152 4127 1185 4181 de
1203 4126 1320 4184 Leandri
1347 4127 1467 4182 brachiis

290 4208 440 4262 similitudo
458 4211 486 4262 et
504 4209 563 4278 ipsa
581 4225 611 4262 ex
629 4226 694 4280 equo
713 4227 791 4265 cursu
810 4216 980 4266 concertante
999 4213 1099 4280 petita:

486 4296 616 4364 protinas
633 4297 685 4352 illa
703 4299 793 4352 ualeat
811 4304 892 4367 utque
911 4298 949 4352 ad
967 4314 1019 4353 aaa
1032 4300 1162 4368 praemia
1181 4299 1308 4363 tendant,

538 4387 570 4436 at
587 4383 656 4437 celer
673 4383 745 4438 Eleo
763 4401 872 4440 carcere
891 4385 989 4439 missas
1008 4402 1100 4454 equae,

284 4483 315 4523 ea
332 4466 488 4537 deprompta
504 4469 546 4522 eat
564 4483 594 4522 ex
612 4468 715 4524 Tibulli
734 4471 747 4524 1
766 4476 791 4536 4,
810 4475 841 4525 31
862 4487 909 4540 sq,
928 4471 956 4524 id
976 4471 1117 4539 quodiam
1136 4488 1215 4526 uersu
1234 4471 1327 4538 altero,
1346 4471 1393 4539 qui
1412 4466 1467 4524 iere

288 4555 361 4608 totus
380 4555 514 4622 conspirat
533 4570 593 4608 cunr
611 4555 776 4622 Tibulliano,
795 4557 1003 4610 demonstratur.
