3366 5132
849 538 1061 603 ..23-

463 725 523 794 Sed
547 727 649 792 multo
672 727 817 810 sagacius
840 731 969 792 eandem
993 726 1128 809 effigiem
1151 726 1189 790 de
1213 724 1293 789 mari
1315 724 1442 789 sonante
1458 723 1541 789 Naso

361 832 507 900 adhibuit
529 831 605 896 Met.
629 830 693 895 XII
714 831 757 897 50
779 849 857 915 sqq,
881 831 934 897 ubi
957 832 1077 915 domus,
1101 849 1195 912 quam
1218 830 1315 894 llama
1338 831 1395 894 dea
1410 827 1540 906 obtinet,

360 936 591 1019 elegantissime
605 933 802 1001 describitur.
824 938 891 1000 tota
906 935 991 999 enim
1007 934 1117 1000 domus
1140 937 1188 998 est
1204 951 1325 998 111111
1348 933 1449 1006 acuto,
1473 931 1542 995 tota

360 1038 482 1118 fremit3
505 1041 574 1121 ipsa
597 1041 703 1103 antem
726 1041 783 1104 111
794 1039 899 1103 111111
921 1056 1011 1103 sonos
1034 1038 1208 1120 repetitque
1230 1039 1310 1118 quod
1332 1035 1430 1101 audit.
1455 1035 1542 1099 nulla

361 1143 446 1223 quies
481 1145 581 1222 intus,
616 1144 764 1225 nullaque
786 1145 874 1224 parte
897 1143 1060 1207 silentium
1082 1159 1180 1222 neque
1213 1141 1319 1232 tamen
1342 1142 1388 1204 est
1412 1137 1541 1222 clamor,

360 1247 413 1311 sed
436 1266 548 1330 parrae
572 1266 735 1312 murmura
756 1247 855 1312 vocis:
1338 1257 1342 1266 ’

564 1367 660 1434 qualia
678 1365 712 1419 ce
730 1365 829 1434 pelagi,
846 1365 871 1418 11
888 1365 949 1430 qais
963 1363 1063 1432 procul
1081 1364 1187 1428 audiat,
1205 1362 1289 1417 cadis

565 1468 620 1506 esse
637 1452 738 1516 soleat,
757 1451 897 1520 qualemve
914 1467 1018 1518 soriam,
1039 1467 1100 1504 cam
1119 1450 1251 1518 Iuppiter
1268 1454 1347 1502 atrae

563 1539 703 1605 increpuit
721 1537 813 1600 11111,
833 1542 953 1592 extrema
970 1537 1095 1590 tonitruo
1112 1536 1241 1590 redoleant.

359 1660 492 1742 denique
516 1677 576 1724 non
601 1661 639 1725 ab
662 1679 696 1722 re
719 1658 780 1723 erit
803 1657 861 1723 hoc
884 1660 949 1723 loco
972 1676 1211 1724 commemorare
1234 1657 1396 1722 Catullum
1419 1671 1541 1737 quoque

355 1764 388 1826 in
412 1781 506 1827 carm.
530 1761 633 1826 LXIV
655 1763 718 1828 269
741 1781 807 1845 sqq.
830 1763 1002 1845 imaginem
1025 1782 1041 1827 s
1063 1762 1159 1828 maris
1183 1764 1298 1827 natura
1319 1761 1540 1844 depromptam

359 1865 510 1945 exhibere,
535 1885 612 1950 quae
635 1870 741 1932 tamen
764 1866 844 1931 nibil
866 1867 930 1931 fere
954 1885 1118 1933 commune
1143 1867 1237 1932 habet
1252 1886 1323 1932 cum
1346 1865 1425 1931 locis
1447 1879 1542 1945 supra

358 1969 533 2052 propositis,
558 1969 619 2033 nisi
636 1971 717 2051 qnod
733 1972 888 2036 sententia
910 1971 1105 2035 intercalaris
1128 1970 1202 2035 ‘leni
1224 1971 1370 2034 resonant
1391 1967 1541 2051 plangore

360 2073 513 2138 cachinni'
531 2077 637 2139 eodem
659 2078 750 2140 modo
766 2093 927 2140 murmura
942 2093 1056 2158 parrae
1077 2074 1163 2139 vocis
1180 2073 1336 2157 significat
1352 2089 1445 2155 qnam
1460 2069 1541 2135 illud

357 2176 546 2242 Ouidianum
572 2177 695 2242 ‘fluctus
717 2179 745 2242 si
767 2178 837 2260 quis
860 2178 968 2259 procul
990 2177 1097 2242 audiat
1118 2175 1208 2242 illos’.
1400 2168 1405 2180 '

460 2299 629 2379 Postquam
645 2299 683 2362 de
699 2299 957 2364 similitudinibus
976 2299 1089 2364 amari
1106 2299 1280 2379 desumptis
1296 2295 1539 2380 disputavimus,

356 2399 420 2464 iam
444 2401 597 2484 imagines
621 2401 660 2466 ad
677 2401 807 2466 flumina
830 2402 1032 2485 pertinentes,
1057 2421 1135 2483 quae
1158 2403 1191 2466 in
1216 2399 1323 2465 Ovidii
1346 2399 1540 2464 carminibus

356 2503 569 2582 inveniuntur,
594 2523 809 2570 recenseamus
827 2509 930 2590 atque,
952 2508 1106 2587 quatenus
1123 2507 1161 2570 ad
1174 2503 1304 2570 Homeri
1319 2502 1539 2568 auctoritatem

356 2608 497 2673 revocari
521 2611 645 2694 queant,
668 2608 873 2690 inquiramus.
899 2627 959 2690 qua
981 2611 1011 2672 in
1027 2628 1059 2673 re
1077 2627 1183 2674 omnes
1200 2607 1263 2672 iere
1280 2609 1385 2690 poetae
1403 2608 1539 2671 Homero

357 2709 518 2776 inferiores
541 2730 693 2776 memores
716 2730 782 2776 sese
804 2712 1031 2794 praestiterunt
1052 2730 1157 2777 earum
1181 2711 1366 2794 imaginum,
1388 2731 1404 2774 e
1427 2709 1541 2791 quibus

356 2813 411 2878 ille
444 2814 612 2879 fluminum
645 2815 893 2881 adcrescentium
926 2816 1130 2898 descriptione
1163 2815 1291 2878 heroum
1327 2812 1452 2878 fortiter
1482 2832 1541 2896 pn·

357 2917 527 2998 guantinm
550 2920 699 2983 virtutem
723 2917 934 2984 adumbrarit.
959 2921 1004 2982 sic
1021 2921 1090 2985 11.λ
1111 2918 1175 2983 492
1191 2937 1255 3000 sqq.
1290 2918 1369 2982 Aiax
1391 2915 1540 2981 Troianos

357 3037 411 3100 per
435 3037 581 3100 campum
604 3021 788 3103 insequitur,
813 3025 848 3085 ut
864 3021 977 3086 flumen
996 3022 1152 3087 inundans
1170 3022 1207 3084 de
1229 3019 1387 3086 montibus
1404 3021 1540 3086 decurrit

359 3121 392 3186 in
416 3140 563 3205 campum
579 3123 662 3189 lovis
679 3123 781 3189 imbre
798 3128 939 3208 urgente,
963 3125 1080 3189 multas
1097 3142 1227 3207 quereus
1244 3125 1347 3190 aridas
1364 3123 1540 3205 multasque

356 3224 467 3290 larices
497 3245 601 3290 secum
629 3227 753 3309 rapiens
781 3227 979 3310 multumque
1003 3228 1116 3293 limum
1139 3228 1172 3293 in
1202 3247 1287 3292 mare
1309 3227 1472 3310 proiciens.
1509 3230 1540 3290 et

357 3329 394 3393 ll.
420 3351 435 3394 e
459 3330 498 3396 81
524 3349 590 3412 sqq.
625 3332 749 3414 Tydeus
785 3330 971 3397 furibundus
1004 3333 1103 3397 fertur
1137 3351 1192 3414 per
1225 3349 1370 3415 campum
1403 3336 1539 3415 ποταμῷ

356 3435 509 3512 πλήθοντι
533 3434 645 3500 similis
669 3437 845 3520 χειμάρρῳ,

768 3554 832 3610 ὅστ’
851 3556 912 3609 ὦκα
932 3556 1008 3622 ῥέων
1028 3556 1163 3610 ἐκέδασσε
1182 3557 1323 3624 γεφύρας·

561 3642 615 3695 τὸν
634 3642 658 3693 δ’
677 3642 738 3695 οὔτ’
757 3642 792 3709 dp
811 3658 844 3696 τε
861 3643 986 3709 γέφυραι
1004 3642 1153 3710 ἐεργμέναι
1171 3640 1354 3709 ἰσχανόωσιν,

562 3728 624 3780 οὔτΙ
642 3729 698 3796 ἄρα
717 3730 800 3796 ἕρκεα
820 3729 892 3795 ἴσχει
911 3729 1038 3783 ἀλωάων
1056 3728 1224 3796 ἐριθηλέων,

561 3816 672 3868 ἐλθόντ’
691 3815 832 3880 ἐξαπίνης,
851 3817 894 3869 ὅτ’
912 3815 1039 3882 ἐπιβρίσῃ
1058 3816 1127 3879 Διὸς
1146 3816 1262 3883 ὄμβρος·

560 3901 651 3954 πολλὰ
670 3902 695 3953 δ’
714 3902 760 3955 ὑπ’
781 3903 870 3956 abaco
890 3903 960 3969 ἔργα
979 3902 1116 3970 κατήριπε
1135 3903 1196 3956 κάλ’
1215 3901 1332 3970 αἰζηῶν.

457 4021 620 4088 Lucretius
644 4027 774 4090 eandem
797 4025 934 4110 effigiem
960 4025 1085 4090 exbibet
1108 4025 1200 4090 1281
1218 4044 1295 4108 sqq,
1313 4025 1365 4090 nbi
1381 4027 1538 4091 sententia

355 4125 421 4205 illa,
446 4146 506 4209 qna
529 4128 607 4194 nihil
631 4149 647 4194 e
671 4129 771 4194 nihilo
795 4130 861 4194 lieri
878 4135 908 4195 et
932 4129 1012 4194 nibil
1029 4130 1058 4194 in
1086 4131 1222 4195 nibilum
1243 4132 1361 4196 reverti
1383 4130 1536 4212 adfirmat,

355 4231 548 4312 argumentis
560 4234 611 4296 sat
622 4233 768 4314 speciosis
781 4235 981 4317 comprobata
994 4233 1214 4315 dubitationes,
1228 4252 1305 4316 quae
1318 4233 1390 4298 huic
1401 4234 1536 4316 opinioni

357 4332 480 4396 obstare
504 4332 659 4411 ridentur,
684 4352 841 4399 removere
864 4335 978 4400 studet.
1014 4330 1063 4400 ‘ne
1088 4337 1167 4418 qnis'
1198 4337 1298 4418 inquit
1332 4336 1535 4420 ‘argumentis

354 4435 433 4499 meis
448 4435 605 4500 adsentire
620 4439 748 4516 recuset,
766 4439 846 4521 quod
863 4458 968 4503 rerum
983 4441 1105 4505 semina
1119 4440 1224 4504 videre
1237 4443 1378 4522 nequeat,
1392 4440 1536 4506 observet

356 4555 485 4621 corpora
514 4541 665 4621 quaedam
697 4543 728 4604 in
757 4561 861 4605 rerum
893 4546 1006 4607 natura
1035 4562 1116 4623 esse,
1133 4562 1224 4632 qnae
1247 4548 1352 4608 tamen
1376 4544 1535 4608 oculorum
