3370 5134
820 523 1047 589 -174-

866 751 872 762 .
919 748 926 762 .
965 711 1054 765 κόπτε
1074 712 1098 764 δ·
1116 710 1259 773 ἀκάνθαις

552 800 640 867 όκρον
658 799 747 866 ὕδωρ,
767 798 829 852 αἵτε
847 801 971 860 σκολιοῖς
988 797 1033 850 ἐπὶ
1052 797 1140 850 νειόθι
1158 796 1294 864 κέντροις,

554 887 645 952 μήνης
664 887 704 949 ὡς
722 886 873 954 κεράεσσιν
891 885 1049 951 ἐειδόμεναι
1067 885 1216 951 διχόωντο.

342 1027 417 1072 nam
441 1027 511 1072 cum
538 1007 705 1089 utrubique
729 1026 791 1072 non
815 1008 918 1072 solum
940 1025 1005 1070 rina
1026 1007 1196 1088 eademque
1220 1007 1324 1089 imago
1340 1004 1530 1085 proferatur,

337 1111 397 1176 sed
421 1112 517 1176 etiam
541 1111 599 1174 hac
621 1111 690 1192 ipsa
712 1111 851 1194 imagine
874 1129 937 1174 una
959 1110 1130 1192 eademque
1161 1127 1209 1174 res
1232 1109 1422 1187 illustretur,
1454 1107 1532 1174 Ovi-

337 1215 429 1279 dium
453 1215 577 1296 poetam
600 1213 846 1278 Alexandrinum
863 1213 1021 1278 imitatum
1047 1231 1113 1277 esse
1130 1231 1190 1278 non
1206 1214 1271 1278 sine
1290 1216 1424 1296 quadam
1446 1211 1532 1276 veri·

339 1319 422 1381 tatis
446 1317 548 1399 specis
571 1315 726 1398 suspicari
748 1315 834 1382 licet.

447 1438 517 1503 Iam
541 1436 716 1518 complures
739 1438 857 1501 restant
879 1436 1032 1520 imagines
1055 1437 1093 1500 ad
1109 1439 1259 1512 montem,
1284 1453 1392 1502 saxum
1407 1435 1534 1516 aliaque

343 1541 439 1606 huius
461 1541 584 1624 generis
606 1541 808 1623 pertinentes,
832 1556 912 1622 quae
933 1543 1035 1604 tamen
1052 1557 1159 1604 omnes
1175 1541 1250 1604 adeo
1265 1538 1425 1622 simplices
1444 1539 1533 1614 sunt,

344 1647 381 1709 ut
403 1644 440 1708 de
464 1661 573 1710 earum
596 1642 714 1725 origine
736 1643 817 1707 nihil
840 1645 964 1708 omnino
988 1642 1137 1707 affirmari
1160 1644 1269 1724 possit.
1306 1661 1377 1706 narn
1399 1642 1426 1705 si
1451 1639 1534 1705 Ori·

338 1747 414 1811 dius
443 1748 521 1811 Met.
551 1747 598 1812 IX
626 1747 669 1812 54
697 1765 742 1830 sq.
777 1746 952 1812 Acheloum
986 1749 1023 1810 de
1051 1763 1156 1830 pugna
1192 1764 1262 1812 eum
1291 1745 1426 1810 Hercule
1454 1745 1535 1809 haee

342 1851 526 1914 narrantem
548 1848 642 1914 facit:

546 1969 680 2038 pretioue
697 1969 804 2033 auerti,
822 1973 950 2038 toqoqoe
969 1983 1100 2022 onerosus
1118 1967 1246 2031 inhaesit,

556 2182 561 2193 .
607 2180 614 2194 .
653 2142 774 2209 inposito
788 2157 903 2209 pressus
921 2139 987 2194 mihi
1004 2145 1094 2194 moute
1111 2138 1233 2204 uidebar,
1321 2162 1323 2166 ·

339 2264 378 2327 et
400 2265 477 2328 Met.
503 2263 568 2329 Xll
596 2263 835 2329 rathrannum
864 2266 903 2328 ab
925 2261 1053 2328 Achille
1075 2262 1108 2325 in
1132 2259 1230 2344 Cycni
1263 2279 1374 2343 corpus
1396 2260 1533 2326 missam

346 2367 481 2448 indeque
505 2367 664 2449 repulsam
687 2385 754 2430 esse
778 2367 871 2432 dicit:

555 2526 562 2539 .
607 2524 614 2538 .
653 2487 727 2540 uelut
745 2503 824 2540 marro
841 2486 982 2554 solidaque
1000 2501 1019 2539 α
1036 2489 1117 2538 caute
1156 2523 1162 2537 .
1208 2523 1216 2537 .

340 2609 399 2672 iper
422 2609 489 2655 sese
511 2590 710 2676 intellegitur
733 2596 858 2675 poetam
881 2593 915 2656 in
937 2591 987 2655 his
1009 2590 1273 2656 similitudinibus
1297 2589 1530 2656 conscribendis

340 2695 503 2761 neminem
526 2699 599 2760 ante
621 2696 726 2761 oculos
749 2695 903 2760 hahuisse.
926 2695 1010 2761 idern
1033 2693 1185 2758 iudicium
1202 2693 1282 2759 ferre
1298 2694 1373 2774 licet
1395 2692 1433 2757 de
1448 2691 1534 2756 ima·

339 2800 481 2884 -ginibus,
495 2799 821 2883 quaelegunturMet.
834 2797 972 2883 X1503;
987 2798 1065 2863 XIV
1078 2798 1141 2863 794
1152 2815 1197 2879 sq.
1206 2821 1216 2882 3¹
1229 2797 1266 2864 A.
1280 2797 1319 2861 A.
1331 2795 1379 2860 lll
1391 2794 1454 2861 573
1469 2813 1534 2879 sq.;

336 2903 452 2968 deinde
467 2905 504 2967 de
521 2904 587 2966 eius
599 2902 811 2967 translationis
833 2921 901 2979 usu,
925 2919 961 2967 ex
976 2920 1036 2984 quo
1052 2901 1177 2966 conchis
1192 2919 1339 2965 numerus
1354 2899 1529 2976 indicatur,

346 3007 445 3070 veluti
458 3007 495 3072 A.
509 3006 549 3069 A.
566 3005 599 3069 ll
615 3005 688 3088 519,
703 3005 796 3070 Trist.
813 3006 881 3081 Va,
899 3005 950 3083 23,
966 3006 1043 3070 Met.
1059 3006 1104 3071 XI
1123 3004 1195 3069 615.
1209 3023 1284 3070 nem
1298 3004 1358 3068 has
1375 3002 1534 3084 imagines

338 3129 449 3174 omnes
483 3127 677 3191 nequaquam
711 3127 860 3192 magnam
892 3109 1066 3174 sollertiam
1096 3110 1231 3191 produnt
1254 3107 1394 3190 poeticae
1417 3107 1532 3171 inven-

340 3213 457 3290 tionis,
493 3215 602 3295 utpote
625 3230 696 3276 cum
726 3211 875 3277 facillime
898 3213 978 3277 aliae
1002 3215 1040 3277 ad
1064 3213 1128 3277 alia
1150 3213 1289 3294 exempla
1310 3212 1373 3274 iam
1395 3210 1536 3274 tractate

342 3316 484 3381 revocari
506 3314 636 3398 possint,

449 3438 592 3517 Itemque
616 3437 705 3501 nulla
727 3434 916 3500 imitationis
941 3434 1074 3517 uestigia
1102 3433 1302 3517 reperiuntur
1331 3430 1364 3495 in
1387 3449 1423 3496 ea
1445 3429 1530 3494 ima-

339 3543 428 3624 gine,
453 3561 531 3623 quae
553 3541 671 3624 legitur
694 3540 771 3605 Met.
794 3540 841 3604 Xl
863 3539 927 3604 553
950 3557 1034 3622 sqq:

551 3659 638 3724 unda,
658 3660 731 3713 eeict
749 3659 858 3722 uictrice,
876 3657 1042 3726 ducatuque
1061 3657 1176 3724 despicit
1192 3655 1294 3720 andos,

552 3763 602 3800 nee
620 3747 714 3811 levius,
733 3761 816 3813 qoem
833 3745 859 3798 si
877 3745 939 3812 quis
955 3745 1050 3797 Atlioo
1064 3743 1225 3796 Pindumve
1243 3741 1363 3797 revulsos

551 3831 614 3886 sede
630 3847 682 3886 sce
699 3837 769 3885 totos
786 3831 818 3883 ire
836 3835 963 3898 apertum
981 3829 1109 3883 evenerit
1126 3843 1236 3897 aequor,

548 3919 740 3987 praecipitate
758 3917 835 3972 cadit
847 3917 1013 3986 pariterque
1031 3921 1057 3970 et
1071 3915 1195 3984 pondere
1213 3920 1239 3968 et
1258 3915 1316 3968 ictu

553 4006 649 4075 mergit
666 4005 699 4058 io
717 4006 774 4057 ima
791 4009 886 4057 ratem.

341 4128 410 4192 qua
432 4111 465 4173 in
488 4109 696 4175 similitudine
719 4108 851 4174 Ouidius
873 4108 998 4173 Athone
1021 4108 1054 4171 et
1076 4107 1175 4172 Pindo
1207 4102 1458 4172 commemoratis
1492 4102 1531 4166 ad

348 4210 511 4276 historiam
533 4211 644 4276 Xerxis
674 4211 812 4276 alludere
834 4210 967 4293 videtur,
1003 4211 1057 4292 qui
1090 4209 1174 4274 huno
1195 4212 1335 4274 montem
1358 4204 1532 4271 continenti

342 4313 492 4394 abscidit,
516 4318 547 4379 et
571 4315 610 4379 ad
626 4316 822 4398 praeclarum
837 4313 985 4380 Herculis
1008 4313 1137 4398 facinus,
1162 4315 1214 4394 qui
1229 4310 1424 4378 Thessaliam
1440 4309 1530 4392 aquis

338 4417 569 4500 stagnantibus
593 4418 748 4483 liberarit.

450 4536 608 4620 Imagines
632 4557 711 4620 quae
733 4538 880 4622 leguntur
905 4537 977 4603 Am.
1001 4537 1017 4600 I
1041 4537 1070 4616 7,
1094 4538 1134 4602 51
1159 4555 1221 4619 sq:
