3366 5132
664 523 876 588 ..61-

379 708 520 764 attremit
537 723 601 762 acer
618 723 710 776 equae,
730 726 792 764 cam
810 711 922 766 helliaa
940 727 1003 766 aere
1022 728 1124 769 aaaoro

378 794 459 862 siqua
477 793 552 847 dedit
569 795 687 860 triticea,
702 813 866 866 pugnaeque
884 801 997 854 assamit
1015 815 1141 866 amaran,

380 879 502 932 Penthea
519 881 558 934 etc
575 881 645 935 ictas
663 882 750 952 longis
768 884 920 939 ululatibus
938 885 1033 939 aether

379 968 470 1028 morit,
488 972 513 1021 et
530 967 627 1021 audito
645 968 763 1023 claruere
781 971 926 1026 recanduit
944 973 996 1028 ira.

169 1087 232 1151 qna
253 1069 286 1140 iu
309 1073 446 1154 imagine
481 1073 703 1138 conscribenda
733 1075 834 1157 possis
869 1079 1007 1143 conicere
1030 1078 1179 1146 Ovidium
1213 1081 1349 1148 Lucretii

168 1175 274 1237 locum
301 1171 329 1237 V
353 1175 436 1240 1073
459 1193 525 1257 sqq.
551 1175 624 1242 ante
648 1177 751 1242 oculos
776 1177 939 1246 habuisse:

378 1293 494 1364 deaiqae
511 1311 567 1349 aaa
583 1297 710 1350 hinnitus
728 1298 792 1351 item
810 1298 923 1364 differre
941 1300 1060 1368 cidetar,

374 1381 449 1434 inter
466 1396 550 1449 eqaae
567 1382 615 1435 ahi
632 1398 718 1451 equas
734 1385 844 1451 (tarenti
861 1391 950 1441 aetate
967 1389 1101 1444 iuvencas

373 1467 518 1537 pinnigeri
535 1469 622 1522 saeoit
641 1469 794 1523 calcarihus
811 1471 882 1525 ictas
899 1474 1010 1539 amoris,

375 1560 402 1608 et
417 1554 558 1620 fremitans
572 1557 680 1622 patalis
697 1557 747 1610 abi
764 1558 879 1612 auribnus
898 1559 954 1612 edit
972 1559 1009 1614 ad
1027 1577 1117 1627 arma,

375 1646 399 1695 et
417 1657 479 1694 caat
496 1642 536 1694 sic
552 1642 623 1695 alias
641 1645 778 1697 concussis
795 1645 903 1698 artibus
921 1646 1037 1701 hinnit?

166 1761 228 1826 quo
251 1760 320 1809 eum
343 1745 410 1811 loco
433 1747 505 1829 apte
528 1747 669 1812 conferas
692 1767 736 1825 ea,
760 1748 874 1830 quibus
889 1748 1048 1831 Vergilius
1071 1753 1152 1835 pulli
1174 1755 1352 1838 superbiam

165 1848 260 1928 atque
282 1846 444 1932 pugnandi
465 1866 603 1914 amorem
625 1849 774 1914 describit
797 1849 899 1935 Georg
921 1852 972 1916 Ill
994 1853 1036 1918 83
1061 1873 1146 1938 sqq:

431 2010 437 2022 ,
465 2010 471 2020 .
499 2008 506 2021 .
529 1975 595 2035 tana,
613 1971 637 2022 ei
654 1987 712 2038 qao
729 1986 828 2024 sonam
841 1973 941 2040 procat
959 1989 1038 2027 arma
1056 1975 1161 2044 dedere,

372 2060 445 2108 stare
462 2055 520 2110 loco
538 2058 632 2120 arescit,
650 2059 734 2111 micat
751 2058 867 2112 aaribas
886 2065 910 2112 et
929 2059 1020 2113 tremit
1038 2067 1126 2128 artas,

372 2141 564 2210 collectamque
579 2158 707 2211 premerer
724 2144 809 2198 coloit
828 2145 877 2199 sah
895 2147 1011 2200 auritas
1030 2148 1127 2218 igaem.

162 2247 218 2310 sed
240 2247 341 2311 multo
363 2249 489 2330 propius
514 2267 607 2330 quam
631 2248 665 2312 hi
688 2250 750 2314 loci
772 2252 811 2315 ad
841 2251 931 2316 illam
965 2253 1133 2336 imaginem
1160 2253 1345 2322 Ouidianum

162 2368 201 2413 ca
216 2350 333 2416 accedit
349 2349 496 2435 Aeschyli
513 2351 696 2432 similitudo,
713 2372 750 2418 ex
766 2373 827 2436 qna
842 2353 947 2420 furens
961 2356 1087 2439 Tydeus
1103 2357 1187 2440 Sept.
1204 2359 1266 2425 391
1284 2377 1350 2441 sqq.

163 2451 321 2520 confertur
344 2471 415 2519 eum
438 2474 514 2537 equo
538 2455 687 2521 bellatore
711 2458 875 2541 pugnandi
899 2459 1072 2541 cupiditate
1096 2460 1307 2528 inflammato:

369 2569 477 2630 τοιαῦτ’
498 2575 595 2630 ἀλύων
613 2582 677 2645 ταῖς
695 2579 866 2646 ὑπερκόποις
885 2585 990 2644 σαγαῖς

372 2666 424 2730 βοᾷ
442 2659 506 2731 παρ’
527 2664 623 2729 ὄχθαις
640 2665 801 2729 ποταμίαις,
821 2666 912 2732 μάχης
931 2667 1017 2734 ἐρῶν,

369 2749 452 2813 ἵππος
471 2753 596 2815 χαλινῶν
615 2752 654 2814 ὣς
673 2750 894 2816 κατασθμαίνων
914 2753 999 2816 μένει,

370 2838 448 2899 ὅστις
467 2839 538 2902 βοὴν
556 2838 711 2903 σάλπιγγος
730 2838 861 2905 ὁρμαίνει
879 2840 984 2892 κλύων.

161 2956 239 3022 haec
261 2960 343 3022 certe
364 2960 515 3043 Aeschyli
549 2960 726 3025 similitudo
761 2963 827 3024 tam
863 2966 970 3044 aperte
1005 2963 1148 3042 congruit
1181 2981 1251 3028 cum
1284 2960 1342 3028 illc

160 3059 266 3126 Oridii
288 3060 428 3146 imagine
460 3081 555 3144 supra
591 3065 732 3146 prolata,
766 3065 804 3129 ut
836 3066 888 3129 vix
921 3083 993 3131 casu
1026 3066 1161 3149 quodam
1195 3064 1342 3131 accidisse

159 3166 290 3246 statuas,
324 3169 361 3230 ul
383 3170 415 3231 et
437 3165 568 3232 Ovidius
591 3171 622 3233 et
650 3168 825 3252 Aeschylus
858 3169 967 3233 eadem
1002 3167 1213 3235 similitudine
1236 3168 1344 3234 eadem

160 3270 279 3334 ratione
301 3269 450 3336 instituta
483 3269 617 3336 alicuius
649 3270 785 3336 furorem
806 3272 1043 3340 illustraverint.
1073 3274 1166 3355 atque
1189 3272 1346 3337 Nasonem

160 3373 251 3437 huius
267 3373 394 3455 quidem
409 3373 559 3456 imaginis
578 3373 746 3458 Aeschylei
761 3376 959 3440 recordatum
974 3394 1041 3441 esse
1065 3393 1099 3440 eo
1123 3375 1246 3448 facilius
1263 3374 1345 3440 credi

159 3478 272 3558 potest,
289 3479 369 3560 quod
385 3480 470 3543 totus
487 3478 574 3544 locus
587 3478 779 3561 Aeschyleus
796 3479 945 3544 orationis
963 3480 1097 3561 quadam
1109 3478 1345 3561 pulchritudine

159 3581 241 3646 inter
263 3582 378 3645 ceteros
401 3582 528 3647 excellit
542 3598 637 3665 eoque
652 3581 754 3664 magis
769 3581 942 3665 legentium
957 3583 1077 3646 animos
1100 3582 1195 3646 muel.
1218 3600 1345 3665 prorsus

160 3686 265 3749 antem
288 3685 366 3750 hanc
400 3686 608 3752 coniecturam
642 3684 791 3751 conficere
825 3685 950 3750 ridetur
981 3684 1023 3764 id,
1058 3686 1139 3768 quod
1173 3687 1204 3751 in
1238 3685 1347 3750 eadem

158 3787 306 3871 Aeschyli
329 3788 437 3861 fabula
458 3792 550 3872 paulo
574 3790 655 3855 infra
677 3808 727 3856 rr.
749 3789 813 3855 461
840 3807 906 3870 sqq.
942 3790 1056 3856 similis
1090 3789 1244 3872 reperitur
1272 3789 1344 3871 eqni

159 3893 317 3959 bellatoris
332 3892 507 3976 descriptio,
523 3912 584 3976 qua
598 3913 631 3958 re
656 3892 791 3960 conicias
807 3892 1049 3961 similitudinem
1065 3895 1158 3961 illam
1179 3895 1213 3959 in
1235 3893 1341 3960 Ovidii

158 4000 261 4062 mente
283 3996 383 4080 magis
407 3997 503 4062 etiam
525 3998 651 4064 infixam
675 4016 752 4063 esse.

259 4114 375 4196 Quodsi
397 4117 495 4201 ipsius
517 4117 666 4214 Aeschyli
698 4118 847 4203 imaginis
882 4119 1014 4186 tandum
1036 4119 1280 4204 investigamus,
1305 4120 1344 4186 ad

156 4221 245 4288 illam
267 4218 398 4287 Homeri
432 4219 673 4286 similitudinem
700 4221 848 4286 omnihus
882 4222 989 4286 notam
1022 4222 1111 4288 nobis
1145 4222 1339 4289 redeundum

158 4345 220 4392 esse
243 4324 362 4408 opinor,
385 4344 420 4390 ex
443 4343 504 4406 qua
525 4326 645 4392 Hector
666 4324 825 4408 Parisque
848 4329 886 4392 ad
908 4345 1048 4410 pugnam
1063 4326 1247 4392 testinantes
1263 4343 1342 4409 equo

158 4428 274 4494 similes
296 4434 457 4510 vocantur,
481 4431 533 4512 qui
558 4433 649 4512 rupto
673 4429 809 4512 capistro
826 4430 987 4495 luxurians
1003 4431 1035 4496 in
1050 4449 1165 4514 pascua
1179 4434 1344 4516 properat;

159 4531 196 4596 cl.
219 4532 258 4596 ΙΙ.
283 4538 300 4600 ζ
324 4530 388 4597 506
411 4551 496 4614 sqq:
