3370 5134
609 529 842 595 -129-

136 733 268 798 quarum
300 715 435 781 fundum
469 716 499 783 in
524 716 653 783 Homeri
687 718 880 802 imaginibus
915 721 1105 802 quibusdam
1141 742 1207 790 esse
1229 744 1323 810 supra

136 819 310 884 docuimus.

235 921 274 986 In
297 922 347 986 his
371 921 516 988 omnibus
539 923 639 1008 igitur
661 926 754 991 robur
777 922 926 990 Ovidium
950 926 1154 992 Theocritum
1168 946 1229 996 non
1252 933 1320 998 tem

132 1024 296 1090 imitatum
319 1045 413 1110 quam
436 1027 630 1093 aemulatum
664 1047 729 1094 erse
752 1029 903 1094 videmus.
939 1048 1014 1094 nom
1038 1031 1222 1115 neutiquam
1245 1037 1321 1102 satis

132 1126 223 1193 duxit
245 1132 398 1212 quaedem
433 1149 470 1196 ex
492 1131 686 1197 Theocriteis
718 1133 750 1196 in
781 1150 874 1196 nsum
909 1151 1001 1198 suum
1035 1139 1232 1218 convertere,
1267 1141 1321 1204 scd

133 1231 311 1314 exemplum
333 1252 426 1298 sunm
448 1235 622 1318 imaginum
646 1240 678 1300 et
701 1252 828 1300 numero
852 1237 883 1300 et
905 1242 1018 1302 ornatu
1041 1255 1187 1321 superare
1208 1239 1320 1306 voluit.

131 1337 227 1417 atque
249 1336 333 1400 idern
355 1336 505 1404 indicium
528 1338 609 1403 ferre
631 1338 706 1403 licet
728 1338 767 1403 de
789 1339 843 1420 eis,
867 1357 946 1421 quae
968 1337 1099 1406 Ovidius
1121 1345 1193 1425 post
1208 1340 1319 1434 Cyclo-

130 1455 205 1521 pem
228 1442 389 1504 canentem
412 1440 497 1506 facit.
520 1460 593 1506 nam
616 1441 643 1506 si
665 1441 875 1525 Polyphemus
910 1442 1076 1510 Galateam
1110 1445 1159 1509 his
1193 1445 1320 1512 allicere

131 1541 240 1607 studet
263 1543 422 1610 versibus:

338 1667 367 1715 at
386 1662 452 1718 berae
469 1663 495 1716 α’
512 1663 598 1728 uaris,
617 1663 707 1733 pigeat
724 1662 827 1734 fugace
845 1679 989 1732 muneque

339 1750 401 1818 ipra
420 1755 484 1804 tuas
501 1751 616 1805 damase
634 1754 718 1804 elme
736 1750 855 1804 rainere
872 1749 984 1815 leharea

130 1851 198 1918 sine
223 1852 317 1918 dubio
350 1856 489 1921 variavit
523 1859 616 1938 atque
639 1858 725 1920 aurit
758 1857 801 1932 id,
825 1856 906 1938 qnod
941 1857 1059 1940 legitur
1091 1856 1125 1921 in
1147 1859 1321 1941 posteriore

129 1955 333 2022 hemistichia
356 1976 385 2023 r.
409 1959 452 2024 42
475 1959 616 2024 eiusdem
639 1958 727 2044 idyll.
749 1959 811 2024 XI:
853 2037 854 2042 ἵ

338 2078 399 2132 ἀλλ’
418 2079 558 2148 ἀφίκευσο
576 2080 641 2133 ποθ’
659 2079 722 2145 ἁμέ,
740 2081 787 2132 καὶ
806 2080 876 2144 ἑξεῖς
893 2056 981 2134 οὐδὲν
999 2081 1130 2136 ἔλασσον.

130 2214 212 2279 quae
234 2201 340 2287 autem
362 2200 511 2285 leguntur
532 2202 566 2266 in
589 2201 692 2266 fronte
716 2219 823 2266 versus
846 2201 1007 2285 sequentis
1030 2200 1094 2267 810
1118 2201 1203 2269 ‘sunt
1217 2203 1320 2286 mihi’,

129 2302 244 2383 quihus
267 2303 371 2368 verbis
393 2303 604 2389 Polyphemus
628 2302 757 2370 divitias
780 2322 852 2368 sues
877 2323 1059 2370 enumerare
1081 2305 1203 2390 incipit,
1227 2306 1319 2373 redo·

128 2404 197 2470 lent
220 2403 397 2490 Vergilium
415 2409 478 2474 ecl.
501 2408 534 2473 H
556 2407 601 2473 36
625 2427 688 2490 sq.:

338 2533 387 2581 est
405 2528 487 2582 mihi
505 2527 664 2596 deponitur
680 2531 781 2596 septem
798 2531 941 2594 compacta
959 2527 1056 2582 mutis

337 2613 441 2680 fistula.

128 2716 169 2783 ad
193 2717 336 2800 proxima
359 2720 385 2784 si
407 2719 587 2797 attenderis,
607 2717 719 2801 quibus
741 2716 956 2802 Polyphemus
980 2738 1009 2783 r.
1025 2715 1199 2783 810-812
1216 2719 1319 2784 domi·

129 2820 242 2888 cilium
265 2839 359 2886 suum
381 2822 540 2901 describit,
565 2821 648 2906 apud
670 2820 871 2886 Theocritum
895 2821 974 2886 nihil
997 2821 1146 2904 reperies,
1172 2821 1222 2886 cni
1242 2821 1321 2888 haec

129 2923 240 2991 Ovidii
260 2924 428 3007 descriptio
453 2927 651 3010 respondeat.
675 2926 783 2990 contra
805 2942 878 2991 vero
902 2945 918 2990 e
939 2925 1052 3008 postue
1077 2922 1177 2991 Siculi
1205 2925 1317 2991 imita-

126 3028 213 3093 tione
247 3027 358 3095 uatnm
393 3032 441 3095 est
473 3028 521 3108 id,
557 3031 639 3112 quod
673 3029 792 3114 legitur
824 3029 898 3094 inde
932 3048 950 3094 a
986 3049 1014 3095 v.
1038 3027 1220 3110 ala-820,
1255 3049 1318 3112 qua

128 3129 338 3212 descriptione
354 3131 485 3216 Cyclops
500 3133 612 3212 varios,
637 3133 749 3214 quibus
764 3132 905 3199 abundat
919 3133 1084 3215 praedium
1100 3131 1179 3214 eius,
1194 3133 1316 3200 fructus

127 3235 181 3300 his
203 3237 307 3302 verbis
329 3236 466 3302 extollit:

494 3394 503 3410 .
545 3397 555 3412 .
594 3362 661 3412 auat
674 3373 758 3426 poma
774 3357 1043 3427 praecederemus,

336 3449 401 3498 suut
418 3461 490 3499 aura
506 3445 607 3498 similes
625 3445 716 3514 loaysa
732 3445 764 3498 ia
780 3443 882 3499 aarum
899 3458 978 3507 uuae,

337 3535 404 3605 suut
422 3535 447 3584 et
462 3545 638 3599 purpureae:
655 3530 705 3584 tihi
722 3536 749 3584 et
765 3531 814 3584 aas
831 3545 972 3584 ecmannus
990 3534 1016 3583 et
1032 3528 1104 3582 allas.

263 3620 318 3671 815
335 3617 395 3685 ipsu
413 3617 470 3692 tuis
487 3617 617 3672 marcidus
633 3617 752 3672 ottocari
768 3623 839 3670 uata
856 3616 907 3670 sub
924 3615 1025 3669 umbra

336 3703 431 3757 mollia
446 3702 531 3773 froya
548 3704 627 3773 loyes,
645 3703 708 3772 ipsa
724 3703 903 3757 autumnalia
920 3716 1008 3756 eorua

332 3805 492 3860 prunaque,
510 3806 569 3846 uou
586 3790 672 3844 solum
689 3790 769 3859 aigro
786 3789 901 3843 liuentia
917 3803 992 3853 suco,

337 3891 431 3930 oerum
448 3877 532 3930 aiam
548 3891 683 3946 yeueroea
700 3891 835 3944 uacuaque
852 3874 990 3929 audemia
1008 3888 1093 3930 cerua.

338 3978 388 4017 uec
405 3963 456 4017 tibi
473 3969 618 4017 castaneae
636 3979 677 4016 me
695 3963 817 4032 eouiuye,
835 3976 885 4016 uec
904 3961 954 4015 trhi
972 3959 1089 4014 deerunt

262 4051 321 4104 820
339 4049 448 4104 arbutei
464 4048 553 4115 suus:
571 4051 660 4104 amuis
677 4049 729 4102 tihi
746 4049 846 4102 seruiet
865 4047 956 4103 arbos.

130 4189 205 4235 nam
221 4169 282 4234 hac
296 4169 330 4235 in
346 4171 553 4253 descriptione
577 4170 797 4255 componenda,
821 4169 896 4253 quin
910 4168 1022 4234 Ouidio
1039 4167 1091 4232 hic
1105 4168 1194 4234 locus
1213 4167 1318 4252 (idyll.

128 4273 177 4339 XI
199 4273 243 4340 45
258 4273 341 4358 sqq.)
365 4273 437 4338 ante
461 4276 566 4340 oculos
590 4274 771 4340 obversatus
788 4274 852 4339 eit:

337 4395 398 4450 ἐντὶ
416 4396 525 4463 δάφναι
541 4401 633 4464 τηνεὶ,
652 4395 713 4450 ἐντὶ
731 4395 845 4464 damant
862 4393 1042 4463 κυπάρισσοι.

339 4483 400 4538 ἔστι
419 4484 504 4549 μέλας
522 4483 628 4550 κισσός,
647 4483 705 4538 ἔστ’
722 4483 847 4549 ἄμπελος
864 4482 883 4536 ἁ
900 4481 1108 4549 γλακύκαρπος,

339 4570 399 4624 ἔστι
415 4569 531 4638 ψυχρὸν
548 4571 637 4638 ὕδωρ,
655 4570 691 4624 τό
711 4584 757 4636 μοι
773 4570 793 4624 d
810 4567 1019 4636 αολυδὲνδρεος
1038 4565 1137 4633 Αἴτνα,

1197 4657 1213 4704 9
