3370 5134
631 513 860 579 -167-

254 703 324 767 Iam
346 701 425 767 nihil
449 703 565 767 restare
589 702 713 770 videtur
747 703 807 768 uisi
837 704 873 768 ut
907 721 958 768 eas
992 701 1227 784 similitudines,
1256 722 1335 786 quae

150 809 234 888 apud
256 805 404 871 Ovidium
427 805 528 869 solnm
552 807 701 890 leguntur
726 825 954 873 enumeremus,
978 825 1038 890 qua
1060 808 1093 872 iu
1114 824 1149 872 re
1165 806 1204 871 ab
1220 806 1335 891 imagi-

149 909 242 975 nibus
266 929 301 974 er
324 907 514 973 animalibus
537 908 647 994 petitis
673 911 867 975 exordiamur
890 929 927 974 ac
949 909 1086 990 primum
1109 927 1171 989 eas,
1194 928 1273 992 quae
1296 909 1336 974 ad

148 1031 222 1079 aves
256 1012 424 1096 pertinent,
460 1031 684 1078 recenseamus.
718 1012 795 1078 Met.
821 1013 864 1077 Vl
888 1011 950 1076 717
975 1032 1019 1096 sq.
1055 1012 1186 1079 Ovidius
1221 1011 1334 1078 fratres

148 1115 304 1200 gemellos
317 1114 437 1180 Calaim
460 1117 492 1179 et
509 1117 625 1192 Zabam,
643 1117 760 1181 Boreae
777 1119 809 1181 et
825 1113 988 1198 Orithyiae
1005 1115 1094 1195 filias,
1112 1115 1224 1200 quibus
1241 1116 1336 1181 simul

148 1238 222 1284 cum
245 1219 341 1285 barba
363 1219 396 1283 in
420 1218 557 1283 humeris
581 1220 648 1283 alae
671 1222 879 1297 increverunt,
915 1218 974 1284 hao
1006 1218 1148 1284 illustrat
1180 1219 1334 1302 imagine:

356 1354 419 1392 marc
432 1340 544 1408 pariter
558 1355 670 1407 pennae
687 1340 746 1393 ritu
763 1355 875 1407 coepere
892 1339 1034 1394 volucrum

356 1425 465 1495 cinqerc
483 1431 630 1494 utrumque
649 1426 730 1492 tatus,
744 1427 856 1494 pariter
873 1426 1017 1493 flavescere
1033 1425 1131 1478 malae

149 1546 246 1610 quam
268 1527 507 1594 similitudinem
532 1530 569 1593 de
593 1530 702 1594 avibus
725 1530 924 1614 desumptam
947 1529 1055 1612 poetae
1077 1529 1142 1592 iam
1165 1512 1279 1611 reipsa
1302 1547 1335 1597 se

150 1634 386 1699 commendasse
405 1651 494 1698 nemo
516 1653 576 1698 non
599 1632 769 1715 intellegit.
792 1650 854 1696 non
877 1632 971 1696 aliter
998 1637 1102 1696 resse
1124 1631 1220 1696 habet
1242 1632 1276 1696 in
1299 1650 1336 1696 ea

149 1737 298 1819 imagine,
322 1755 383 1818 qua
406 1736 563 1801 Daedalus
587 1735 711 1800 Icarum
733 1735 835 1799 filium
858 1735 941 1817 leges
966 1733 1090 1801 volandi
1121 1734 1234 1799 docens
1258 1753 1334 1799 cum

148 1857 207 1904 ave
230 1837 395 1918 confertur,
420 1857 499 1920 quae
523 1839 650 1903 mollem
673 1840 854 1922 progeniem
878 1841 911 1904 in
933 1845 1004 1904 aera
1028 1838 1173 1921 producit
1196 1837 1236 1903 ab
1260 1836 1335 1902 nido

150 1941 281 2018 excelso,
305 1941 381 2006 Met.
407 1941 486 2006 VlIl
509 1940 572 2005 213
596 1960 658 2023 sq:

358 2067 423 2116 ante
440 2062 522 2124 natat,
543 2063 685 2130 comitique
703 2063 787 2126 timet,
806 2063 880 2117 aetat
898 2063 962 2129 ates,
981 2063 1015 2116 ab
1034 2063 1088 2116 aito

357 2164 427 2216 quac
444 2153 564 2202 teneram
579 2148 686 2215 protem
700 2147 836 2218 proderunt
854 2152 884 2201 iu
901 2151 967 2201 aira
985 2147 1060 2202 nido.

149 2247 247 2327 atque
270 2246 381 2310 eadem
402 2245 579 2309 similitudo
602 2246 755 2328 reperitur
778 2247 815 2311 A.
840 2246 877 2309 Α.
901 2245 932 2308 Π
956 2245 998 2310 65
1020 2263 1085 2326 sq:

357 2355 423 2410 dum
442 2362 538 2422 monet,
557 2361 636 2424 aptat
654 2371 723 2424 opus
736 2371 837 2424 puero,
855 2359 1043 2424 monstratque
1061 2354 1169 2419 manau,

410 2442 502 2495 erudit
520 2443 646 2509 narraras
664 2447 694 2497 ut
712 2457 765 2496 sua
781 2447 868 2495 mater
886 2455 957 2496 anea

256 2545 314 2610 His
337 2547 454 2610 accedit
478 2548 581 2628 imago
604 2545 680 2610 Met.
705 2545 738 2610 Ii
762 2547 824 2610 716
846 2563 924 2627 sqq,
949 2545 1003 2608 ubi
1019 2545 1195 2608 Mercurius
1218 2543 1252 2608 in
1267 2547 1337 2607 aere

150 2651 291 2732 pendeus
314 2650 407 2732 atque
430 2649 566 2731 virgines
590 2639 679 2714 sacra
702 2647 848 2713 canistris
871 2648 903 2712 in
927 2647 1046 2728 templa
1074 2647 1210 2712 ferentes
1232 2646 1335 2711 oculis

152 2771 352 2835 prosequens,
376 2753 435 2820 hac
458 2752 580 2819 ratione
602 2753 799 2836 illustratur:

360 2877 392 2928 ut
409 2873 527 2927 aduerte
544 2875 609 2928 aisis
626 2873 804 2942 rapidissima
821 2875 923 2927 aeduus
942 2873 1019 2937 cutia

359 2958 425 3012 dnm
444 2960 520 3014 lineet
539 2965 564 3014 et
583 2959 664 3014 densi
682 2961 862 3016 circumstaret
879 2975 960 3012 sacra
977 2958 1106 3022 ministri,

357 3046 477 3112 flectitur
494 3048 524 3099 a‘n
541 3063 647 3117 pyrum,
666 3063 716 3102 uec
734 3047 839 3116 louqius
857 3045 943 3100 audet
961 3046 1042 3110 abire,

358 3146 484 3199 spemque
503 3148 581 3185 suam
598 3133 678 3186 nrota's
696 3132 796 3186 auidus
814 3133 992 3186 circumuolat
1009 3131 1075 3184 aiis:

357 3211 397 3270 sic
414 3233 499 3284 super
517 3218 636 3271 Actaeas
654 3219 737 3286 apilio
759 3218 900 3286 Cyllcnius
917 3234 996 3272 arces

357 3303 476 3358 inclinat
494 3319 590 3358 cursus
609 3310 634 3358 ct
651 3304 758 3358 casdem
776 3306 892 3359 circinat
910 3321 1005 3358 auras

156 3409 215 3472 bae
239 3407 394 3490 imagines
418 3426 523 3474 omnes
558 3428 658 3474 nonne
682 3411 766 3491 ipsae
799 3411 959 3492 tamquam
984 3413 1093 3491 sponte
1126 3423 1192 3472 sese
1214 3405 1339 3471 obtule-

154 3513 228 3577 ruut
250 3511 384 3594 poetae?

257 3614 342 3696 Apte
366 3619 471 3683 autem
488 3631 560 3680 oum
575 3615 640 3682 illis
656 3617 848 3682 consociatur
866 3636 902 3682 ea
918 3614 1103 3694 similitudo,
1127 3634 1188 3698 qus
1204 3613 1337 3679 Ovidius

153 3715 246 3782 Trist.
270 3716 286 3780 I
310 3718 340 3798 6,
365 3716 403 3781 11
430 3736 496 3801 sqq.
522 3718 705 3785 aviditatem
728 3721 863 3786 hominis
888 3719 1051 3786 cuiusdam
1073 3718 1184 3804 perfidi
1206 3716 1339 3793 notavit,

151 3822 206 3905 qui
229 3820 322 3885 rebus
345 3823 494 3902 adversis,
519 3824 630 3906 quibus
654 3825 851 3909 premebatur
868 3828 968 3907 poeta,
992 3823 1025 3888 iu
1041 3823 1131 3888 huius
1147 3821 1231 3888 bona
1246 3821 1335 3885 invo-

153 3926 275 3990 laturus
299 3930 382 3991 erat:
999 3937 1000 3942 ’

152 4129 349 4200 conscripsisse,
375 4133 466 4186 tamen
496 4145 587 4184 omnes
614 4129 668 4184 iero
695 4129 866 4198 grammatici
893 4145 965 4183 nunc
983 4145 1036 4184 uno
1055 4145 1100 4183 ore
1118 4127 1336 4184 consentiuntid

153 4230 267 4281 carmen,
286 4215 357 4285 quod
375 4217 454 4269 nobis
472 4216 626 4271 recentibus
650 4217 758 4269 tantum
786 4214 921 4269 codicibus
948 4215 1083 4268 traditum
1110 4217 1159 4280 est,
1186 4213 1220 4267 ab
1239 4213 1338 4268 Ouidio

153 4299 364 4354 abiudicandum
391 4318 455 4356 esse.
484 4302 582 4373 quibus
609 4317 651 4355 me
682 4299 814 4354 adsentiri
841 4317 894 4355 nou
925 4317 1001 4370 posse
1027 4300 1143 4370 ingenue
1169 4300 1262 4354 fateor.
1292 4298 1338 4352 sed

153 4383 346 4453 quaestionem
358 4387 434 4441 illam
453 4388 645 4442 difficillimam
662 4404 726 4440 sane
751 4391 914 4455 pertractare
943 4386 976 4440 ab
995 4386 1044 4440 hoc
1062 4387 1120 4440 loco
1140 4386 1260 4440 alienum
1278 4400 1334 4438 esse

152 4472 285 4527 existimo.
304 4489 357 4543 qua
375 4490 404 4527 re
422 4473 450 4527 id
469 4473 538 4543 qnod
557 4473 704 4542 supradixi
718 4473 860 4543 imagines,
880 4490 948 4546 quac
962 4471 1079 4542 epistula
1091 4472 1140 4525 illa
1153 4471 1333 4538 continentur,

154 4559 203 4614 hoc
222 4559 280 4614 loco
297 4558 439 4615 adnotasse
457 4559 588 4626 sufficiam
607 4560 639 4612 ci.
658 4576 683 4616 v.
702 4561 719 4614 9
738 4576 787 4630 sq..
809 4565 848 4626 12,
869 4565 919 4613 115
939 4575 985 4628 sq,
1010 4565 1066 4626 124,
1087 4561 1144 4625 tol,
1166 4561 1224 4612 189.
