3370 5134
652 537 886 604 -125-

170 723 269 789 etiem
290 726 384 806 etque
407 725 503 790 etiam
519 723 767 807 perlustraveris,
793 726 904 806 sponte
919 724 1084 809 intelleges
1100 743 1169 789 eam
1184 742 1358 789 sermonem

169 825 392 909 Vergilianum
407 830 571 911 tamquam
586 831 714 911 spirare,
731 829 879 911 quoniam
894 827 1033 911 plurima
1047 830 1077 894 in
1095 827 1202 895 Ovidii
1218 829 1357 893 versibus

170 930 212 996 ad
236 931 337 995 serios
361 931 444 997 locos
467 932 500 996 in
523 932 662 997 Maronis
685 931 876 997 carminibus
900 933 1038 998 orantes
1061 932 1200 996 revocari
1215 935 1356 1013 possunt.

167 1052 206 1100 ao
228 1034 366 1116 primum
388 1035 515 1118 quidem
537 1034 664 1119 singula
685 1035 720 1099 in
744 1053 836 1100 versu
860 1033 922 1100 789
944 1035 1176 1117 spectantibus:

376 1137 523 1194 candidior
539 1138 608 1205 folio
625 1138 707 1204 niuei,
729 1137 857 1206 Galatea,
875 1139 987 1208 lignetes*

168 1247 260 1327 patet
272 1245 462 1310 adiectivum
473 1236 654 1311 ‘candidior'
670 1244 855 1326 respondere
868 1243 919 1309 illi
937 1244 1124 1320 ‘candidior’,
1140 1244 1222 1327 quod
1239 1244 1356 1331 legitur

167 1347 204 1411 in
226 1365 318 1413 versu
341 1348 383 1414 38
405 1349 506 1433 primo
529 1350 655 1432 eclogae
673 1348 883 1433 Vergilianas.
907 1367 986 1431 qnae
1008 1368 1058 1413 res
1073 1350 1156 1413 certo
1172 1366 1234 1413 non
1248 1347 1354 1413 redar-

167 1449 279 1535 guitur
300 1470 346 1529 eo,
375 1452 458 1535 qnod
490 1453 582 1535 paulo
612 1471 707 1535 supra
735 1450 932 1518 Gebauerum
960 1453 1060 1517 secuti
1090 1453 1258 1518 statuimus
1280 1448 1355 1516 Ovi-

168 1554 258 1619 dium
279 1555 435 1621 Theocriti
467 1557 641 1636 λεακοτέρα
673 1557 773 1640 (idyll.
796 1555 844 1621 Xl
867 1556 921 1639 20)
953 1563 1026 1622 ante
1059 1557 1165 1621 oculos
1200 1555 1355 1620 habuisse.

169 1675 243 1722 nam
265 1677 337 1723 cum
360 1659 524 1743 utriusque
546 1664 654 1741 poetae
677 1660 759 1724 locos
782 1659 943 1724 Nasonem
964 1661 1117 1725 memoria
1138 1677 1197 1725 sna
1218 1658 1356 1724 tenuisse

169 1762 301 1840 constet,
325 1778 360 1826 eo
382 1761 507 1827 facilius
529 1761 562 1827 in
591 1762 839 1844 comparativum
868 1757 1050 1829 ‘candidior’
1078 1763 1215 1828 incidero
1236 1761 1351 1846 potuit.

168 1865 196 1930 si
219 1883 309 1948 porro
332 1864 465 1931 Ovidius
487 1867 620 1931 verbum
644 1865 776 1930 hedera'
800 1867 834 1931 in
857 1885 887 1934 v.
910 1866 951 1932 38
975 1869 1030 1933 ccl.
1058 1866 1152 1951 Verg.
1172 1866 1251 1932 VII:

374 1967 524 2023 candidior
541 1968 640 2038 cycnis
659 1966 760 2022 tndem
776 1967 948 2033 formonsior
964 1969 1028 2024 alba

129 2080 136 2092 '
166 2074 376 2139 eommutavit
399 2092 471 2140 cnm
494 2092 569 2139 soce
590 2065 794 2157 ligustrum,
810 2073 991 2140 recordatus
1014 2075 1060 2139 est
1075 2074 1142 2139 sine
1158 2073 1252 2140 dubio
1266 2073 1353 2138 initii

165 2197 198 2244 r.
223 2178 263 2244 18
286 2179 342 2244 ccl.
366 2178 400 2244 II
437 2178 517 2244 ‘alba
549 2179 681 2262 ligustra
704 2179 822 2244 cadunt
837 2226 845 2243 .
862 2228 871 2245 .
890 2225 898 2244 .
914 2170 935 2245 .'
967 2180 1048 2262 quod
1071 2182 1178 2245 autem
1201 2179 1285 2244 Naso
1318 2181 1351 2244 in

165 2285 263 2349 altero
286 2300 395 2347 sersus
419 2281 482 2348 790
503 2280 704 2347 hemistichia
727 2282 894 2350 Galateam
914 2277 1133 2365 ‘proceriorem
1156 2281 1239 2348 alno'
1260 2282 1348 2361 dicit,

164 2387 200 2451 in
222 2404 257 2452 eo
279 2402 451 2451 memorem
487 2403 554 2450 sese
577 2384 736 2469 praestitit
770 2387 827 2451 ecl.
853 2386 898 2451 VI
920 2404 950 2454 v.
975 2387 1017 2451 63
1053 2385 1155 2469 ‘atquc
1177 2387 1243 2452 solo
1266 2406 1350 2470 pro-

165 2510 275 2556 ceras
309 2490 404 2574 erigit
437 2487 571 2556 alnos’.
618 2489 697 2556 adde
731 2491 813 2571 qnod
847 2488 929 2565 eius,
964 2491 1018 2572 qui
1051 2491 1209 2573 sequitur,
1245 2489 1351 2556 Ovidii

164 2611 272 2658 versus
297 2593 386 2676 (793)
409 2592 552 2658 initium:

371 2695 472 2750 solitas
488 2695 617 2760 tricornis,
635 2694 739 2748 codiee
755 2695 865 2764 gratior
881 2694 981 2748 ambro

162 2803 198 2867 in
219 2802 403 2868 memoriam
426 2800 514 2867 nobis
536 2803 661 2866 revocat
684 2798 795 2883 Georg.
811 2801 843 2866 H
858 2800 921 2866 481
939 2818 986 2884 sq.
1006 2799 1093 2866 ‘soles
1109 2802 1250 2881 hibemi’‚
1267 2805 1350 2885 quod

162 2905 439 2981 similitudinibus,
463 2921 541 2988 quae
563 2902 764 2968 continentur
786 2921 817 2969 r.
843 2902 907 2968 794
927 2894 1074 2970 ‘nobilior
1089 2906 1206 2988 palma,
1222 2907 1350 2989 platano

162 3009 356 3093 conspectior
378 3008 463 3084 alta,
485 3026 514 3072 r.
539 3005 602 3071 799
626 3007 741 3072 ‘durior
762 3024 881 3072 annosa
907 3009 1041 3091 quercu,
1071 3031 1100 3076 v.
1130 3011 1196 3076 800
1222 3005 1349 3078 ‘lentior

161 3114 195 3177 et
216 3112 324 3178 salicis
359 3111 458 3196 virgis
481 3115 514 3176 et
537 3110 657 3176 ritibus
691 3110 794 3189 albis,
827 3112 975 3193 perlectis
1009 3112 1166 3180 reduceris
1189 3115 1229 3180 ad
1252 3113 1346 3200 Verg.

160 3217 219 3282 ecl.
245 3217 309 3282 VII
342 3216 381 3281 61
406 3235 487 3299 sqq.‚
522 3217 576 3281 nbi
610 3214 787 3297 complures
822 3217 946 3282 arbores
979 3217 1208 3298 describuntur,
1243 3223 1275 3285 et
1308 3221 1349 3286 ad

161 3321 241 3386 Aen.
265 3320 311 3384 IV
332 3320 396 3384 441
431 3318 478 3384 ‘ac
500 3320 587 3384 velut
611 3337 724 3384 annoso
757 3320 895 3385 validam
930 3338 1003 3386 cum
1037 3321 1144 3386 robore
1177 3323 1345 3405 quercum,
1475 3385 1482 3397 ,

160 3423 244 3508 quod
267 3423 400 3507 deniqne
422 3422 525 3488 verbis
559 3417 660 3507 ‘cycni
682 3422 810 3506 plumis'
842 3425 877 3489 in
899 3442 930 3489 v.
955 3422 1016 3489 796
1038 3424 1122 3491 Naso
1156 3426 1236 3491 nihil
1259 3426 1348 3493 aliud

161 3529 349 3612 expressisse
365 3527 500 3609 ridetur,
516 3545 609 3604 quam
624 3526 705 3591 illud
722 3525 894 3592 ‘candidior
906 3527 1021 3612 cycnis’
1036 3529 1133 3613 Verg.
1147 3531 1203 3597 ccl.
1217 3531 1281 3597 VII
1292 3530 1345 3597 38.

160 3629 369 3698 similitudine
403 3631 524 3712 antem,
559 3649 637 3714 quae
671 3632 785 3712 legitur
819 3632 853 3695 in
875 3647 905 3698 r.
929 3631 992 3696 803
1024 3623 1172 3716 ‘asperior
1194 3631 1342 3717 tribulis',

161 3733 293 3801 Ovidius
316 3734 483 3800 transtulit
502 3735 537 3812 et
560 3733 656 3799 simul
678 3734 814 3800 variavit
833 3735 1017 3802 Theocritca
1037 3735 1128 3820 idyll.
1154 3738 1199 3804 VI
1224 3739 1264 3805 15
1282 3758 1346 3824 sq.:

367 3857 385 3912 ά
405 3857 501 3912 δὲκαὶ
520 3857 626 3914 αὐτόθε
644 3874 688 3911 ται
707 3857 921 3925 διαθρύπτεται,
941 3859 980 3922 ὡς
998 3858 1046 3913 drr’
1063 3858 1189 3924 ἀκάνθας

365 3945 414 3997 ταὶ
433 3945 557 4011 καπυραί
574 3947 672 4010 χαῖται
695 3979 702 3996 .
728 3982 736 3998 .
764 3983 770 3994 .
798 3981 806 3997 .

159 4050 191 4116 et
214 4066 259 4128 ea,
283 4067 361 4130 quae
384 4048 527 4131 sequitur
560 4048 708 4132 imagine,
737 4041 814 4114 ‘fcta
850 4049 1056 4122 truculentior
1089 4047 1173 4116 ursa’
1205 4055 1343 4136 respexit

157 4151 253 4234 idylle
269 4151 315 4218 XI
338 4170 367 4216 v.
390 4152 449 4217 41:

367 4289 376 4310 .
401 4289 410 4308 .
438 4295 444 4308 .
472 4291 480 4308 .
501 4257 549 4309 nol
568 4256 703 4321 σκύμνως
719 4255 862 4324 τέσσαρας
880 4256 1005 4324 ἄρκτων.

157 4360 318 4445 praetcrea
351 4363 523 4427 notandum
556 4366 604 4427 est
636 4363 768 4444 pavonis
802 4362 970 4445 imaginem
1004 4365 1037 4429 in
1060 4384 1090 4429 v.
1114 4364 1178 4430 802
1208 4365 1342 4433 'laudato

157 4481 275 4547 pavone
308 4452 478 4548 superbior'
513 4483 569 4547 per
602 4466 805 4532 collationem
846 4470 1029 4550 usurpatam
1061 4468 1124 4553 legi
1157 4467 1243 4538 Med.
1277 4469 1337 4538 iac.

158 4589 186 4635 u.
201 4569 253 4634 .33
275 4586 339 4651 sq.:
