3370 5134
613 543 850 610 -115-

343 745 393 784 aar
410 746 444 786 aa
461 736 534 797 sami,
551 731 608 786 uisi
624 730 698 802 qaod
715 747 823 787 vemens
840 731 970 786 melantia
987 730 1049 786 viai

341 817 506 872 conturbare
523 817 646 872 animm
664 819 802 873 cousuevit
820 833 935 887 corpore
953 818 986 871 ia
1004 815 1089 888 ipso?

135 927 168 990 et
192 943 221 988 v.
244 922 312 988 502
334 942 401 1008 sqq.
425 922 501 986 baec
521 921 684 1006 praebeat:

341 1042 407 1096 iada
424 1042 473 1097 abi
489 1043 546 1096 iam
563 1043 650 1097 morbi
666 1043 775 1112 reticuit
792 1059 885 1108 causa,
904 1043 1029 1114 reditque

341 1128 374 1182 ia
391 1130 511 1185 latebras
529 1146 592 1185 acer
610 1131 734 1200 corrupti
752 1131 873 1199 corporis
890 1145 977 1200 amor,

343 1219 402 1269 lam
419 1215 500 1285 quasi
517 1216 667 1270 vaccillans
681 1217 805 1286 mirram
822 1216 962 1286 concerpit
980 1221 1006 1270 ct
1023 1215 1112 1270 amaa

339 1303 478 1372 paulatim
494 1302 569 1357 redit
586 1303 618 1356 ia
634 1317 728 1357 scasas
746 1305 921 1373 animamque
938 1308 1068 1371 receptat,

136 1407 201 1474 iam
217 1407 363 1473 mutendi
385 1410 489 1490 potest
506 1407 657 1473 Ovidium
681 1407 779 1474 etiam
802 1407 836 1472 in
859 1408 993 1492 singulis
1009 1407 1145 1473 Lucretii
1168 1407 1325 1490 spectasse
1348 1419 1350 1423 ’

135 1510 368 1580 auctoritatem.
392 1514 514 1595 praeter
537 1510 644 1576 omnia
667 1513 772 1577 antem
795 1513 845 1576 vel
867 1514 1002 1577 maxime
1019 1511 1191 1576 tenendum
1209 1511 1257 1574 est
1276 1507 1319 1586 id,

133 1615 216 1698 quod
232 1615 397 1682 Lucretius
421 1632 477 1678 sna
491 1613 697 1697 descriptione
720 1614 841 1679 adsim
864 1614 931 1680 vini
954 1615 1130 1698 pertinente
1153 1632 1209 1695 pro
1227 1630 1322 1698 argn-

136 1721 244 1783 mento
266 1736 341 1784 usus
357 1720 414 1795 est,
438 1734 498 1800 quo
512 1717 631 1781 animas
648 1717 745 1782 simul
761 1737 831 1784 cum
848 1717 1027 1801 corporibus
1043 1718 1130 1783 nasci
1147 1719 1178 1782 et
1192 1713 1324 1782 interire

136 1824 363 1907 comprobaret,
387 1841 448 1905 qua
472 1821 682 1904 disputatione
705 1821 864 1888 Nasonem
897 1824 949 1888 rel
971 1825 1105 1889 maxime
1134 1821 1322 1887 delectatum

136 1943 206 1990 esso
230 1925 276 1990 ibi
299 1925 445 2008 vidimus,
468 1924 522 1989 ubi
539 1925 577 1990 de
592 1925 655 1990 alio
671 1928 854 2009 argumento
871 1925 973 1992 eidem
989 1925 1163 1992 sententiae
1179 1941 1323 2007 compro·

136 2027 259 2094 bandae
280 2028 482 2107 inserviente,
517 2029 598 2109 quod
634 2047 669 2093 ex
692 2027 807 2112 gaudio
830 2033 861 2093 et
884 2029 1107 2094 lamentatione
1130 2027 1230 2095 animi
1254 2047 1321 2094 mo·

137 2131 251 2198 rientis
273 2132 409 2216 petitum
433 2136 490 2211 ost,
515 2132 732 2197 dissernimus.

627 2341 833 2356 *πη-*-

243 2598 429 2679 Quaestione
452 2596 490 2663 de
513 2597 612 2664 altero
635 2595 743 2665 Ovidii
778 2595 1025 2662 similitudinum
1059 2593 1145 2662 fonto
1170 2597 1208 2666 ad
1231 2595 1325 2664 finem

139 2703 290 2786 perducta
310 2702 377 2766 iam
399 2701 439 2768 ad
462 2701 511 2784 id,
547 2700 629 2783 qnod
663 2699 757 2766 tertio
787 2699 855 2766 loco
890 2698 1068 2783 posuimus,
1091 2697 1327 2783 progrediamur

139 2824 175 2872 ac
198 2824 394 2889 quaeramus,
418 2808 571 2887 quatenus
594 2802 689 2881 Naso,
721 2821 814 2888 quom
836 2802 872 2868 in
893 2801 944 2870 his
966 2799 1161 2887 imaginibus
1190 2801 1327 2872 conscri-

140 2909 253 2976 bendis
276 2911 342 2976 tam
366 2909 505 2975 studiose
527 2907 660 2976 Homeri
682 2911 714 2973 et
736 2906 875 2974 Lucretii
909 2905 1046 2990 vesbgia
1080 2906 1226 2974 secutum
1259 2922 1327 2970 esse

140 3015 288 3094 vidimus,
312 3014 347 3079 in
370 3014 480 3080 eodem
514 3017 697 3080 ornamento
732 3011 907 3080 adhibendo
931 3031 948 3076 e
970 3012 1071 3095 poetis
1105 3030 1179 3080 suas
1212 3012 1326 3080 aetatis

140 3118 284 3202 pendeat.
308 3136 371 3200 qna
392 3117 425 3183 in
447 3136 480 3183 re
504 3135 576 3189 oum
599 3135 764 3200 sequemur
787 3116 1010 3199 disputationis
1033 3116 1184 3198 ordinem,
1213 3119 1251 3206 nt
1272 3117 1327 3181 ob·

140 3224 276 3300 servata,
293 3223 446 3304 quantum
462 3222 531 3287 fieri
546 3225 660 3305 potest,
677 3224 854 3306 temporum
870 3221 992 3290 ratione
1004 3219 1186 3305 disputandi
1199 3218 1328 3288 initium

140 3344 159 3391 a
183 3323 309 3390 Catullo
332 3323 491 3408 capiamus
515 3324 728 3409 albuneam,
753 3326 906 3406 quatenus
928 3322 1062 3392 Ovidius
1084 3321 1328 3408 inimaginibus

141 3428 207 3494 suis
231 3427 428 3512 Vergilium,
459 3427 644 3507 Horatium,
679 3427 861 3507 Tibullum,
882 3425 1086 3509 Propertium
1109 3425 1253 3500 imitatus
1275 3425 1329 3506 sit,

141 3531 352 3599 ostendamus.
375 3531 559 3614 appendicis
583 3531 717 3615 deniqne
738 3530 805 3596 loco
828 3529 904 3612 quid
926 3531 963 3596 de
986 3528 1117 3614 reliquis
1141 3529 1331 3599 similitudi·

141 3635 236 3702 nibus
260 3634 426 3702 ovidianis
458 3634 549 3702 nobis
576 3634 782 3702 indicandum
814 3633 868 3714 sit,
899 3632 1037 3698 breviter
1059 3632 1213 3717 explicare
1237 3652 1330 3704 cona·

141 3739 257 3806 bimur.
281 3756 392 3806 rerum
415 3739 521 3804 tamur
548 3737 598 3805 rix
620 3737 787 3824 quisquam
811 3755 830 3802 a
852 3736 943 3806 nobis
965 3735 1152 3822 postulabit,
1185 3739 1222 3806 ut
1244 3737 1327 3810 hunc

142 3841 286 3908 ordinem
320 3841 411 3908 modo
445 3840 622 3908 iudicatum
657 3840 743 3908 omni
779 3861 815 3910 ex
837 3845 927 3926 parte
950 3859 1133 3925 sequamur,
1157 3840 1255 3910 immo
1278 3841 1330 3910 hic

141 3946 222 4028 illio,
257 3948 350 4030 prout
370 3963 420 4011 res
443 3944 532 4026 feret,
567 3964 639 4011 eum
662 3945 876 4030 relinquemus
910 3947 944 4012 et
971 3945 1132 4013 interdum
1165 3946 1329 4028 poetarum

142 4048 346 4129 Graecorum,
370 4050 404 4115 in
419 4049 533 4134 primis
549 4049 710 4116 Theocriti
726 4049 883 4134 imagines
898 4048 931 4115 in
948 4049 1161 4133 quaestionem
1178 4049 1331 4135 discepta-

141 4156 323 4237 tionemque
346 4155 539 4222 vocabimus.
563 4173 638 4220 nam
660 4158 877 4239 praeterquam
899 4155 981 4240 quod
998 4153 1131 4222 Ovidius
1153 4155 1237 4221 bend
1259 4175 1330 4222 raro

142 4257 246 4325 Siculi
268 4261 377 4342 poetae
400 4257 553 4341 spectarit
575 4257 812 4336 auctoritatem,
837 4257 888 4323 rel
911 4257 1047 4325 mammo
1077 4258 1113 4324 in
1140 4257 1198 4324 hoc
1218 4257 1330 4326 imita·

142 4360 267 4426 tionum
289 4378 400 4444 genere
422 4360 454 4427 id
477 4378 601 4445 semper
623 4361 797 4426 cavendnm
814 4361 888 4440 orat,
906 4361 998 4444 qnod,
1015 4361 1077 4428 nisi
1092 4361 1331 4450 religiosissimo

144 4463 378 4549 vitavissemus,
401 4464 478 4530 baec
499 4470 567 4533 tota
589 4465 821 4532 dissertationis
844 4483 915 4548 pars
939 4484 1021 4532 vans
1049 4470 1080 4531 et
1104 4466 1209 4532 futilis
1240 4470 1331 4546 esset,

144 4587 183 4634 ne
224 4568 370 4636 videlicet
411 4569 490 4636 talia
528 4569 679 4638 Ovidium
712 4590 731 4638 a
771 4570 872 4654 poetis
911 4588 985 4652 suae
1023 4569 1136 4638 aetatis
1174 4568 1332 4653 accepisse

1196 4672 1228 4725 gi
