3366 5132
864 550 1076 614 -22...

376 737 531 816 adhibuit,
561 737 616 802 ubi
644 741 736 820 poeta
765 738 835 802 exul
866 737 1008 819 queritur
1038 740 1158 804 tentam
1188 738 1312 802 turbam
1341 739 1497 806 malornm
1520 759 1552 804 se

377 842 596 908 circumstare:
1177 909 1180 915 ,

632 941 735 1009 floride
752 959 836 1012 quam
852 943 955 998 stultus
972 943 1066 1014 Hybla
1085 949 1178 998 tuetur
1196 961 1271 1014 apes.

376 1051 514 1131 itemque
526 1050 564 1113 A.
578 1047 616 1110 A.
630 1049 660 1112 11
675 1047 737 1112 517
755 1049 874 1114 dolores
889 1049 923 1114 in
935 1067 1039 1115 amore
1049 1050 1097 1115 tot
1121 1068 1188 1116 esse
1204 1070 1259 1133 per
1273 1050 1376 1116 iocum
1393 1049 1553 1116 adfirmat:

788 1173 852 1237 quet
869 1183 936 1236 apes
951 1174 1107 1236 pascuntur
1125 1169 1158 1224 iu
1176 1169 1282 1239 Ηρόέας

377 1275 417 1340 cf.
442 1292 561 1357 quoque
584 1275 623 1339 A.
647 1271 685 1336 Α.
708 1271 756 1338 ΙΙΙ
782 1271 851 1336 150.

478 1376 544 1442 Iam
568 1394 640 1441 vero
662 1376 817 1460 imagines
839 1377 981 1458 singulas
996 1377 1121 1457 plantas
1149 1381 1329 1460 spectantes
1346 1379 1557 1444 examinemus

375 1482 468 1565 atque
492 1481 563 1546 ante
585 1480 691 1546 omnia
712 1479 954 1545 similitudinem
978 1480 1132 1563 quandam
1152 1482 1190 1546 de
1204 1482 1314 1547 erbore
1330 1482 1559 1565 depromptam,

375 1588 407 1650 in
429 1603 507 1668 qua,
542 1604 601 1669 quo
635 1583 726 1649 modo
759 1583 864 1649 Ovidii
897 1585 1002 1668 imago
1026 1585 1133 1650 exorta
1156 1586 1213 1664 eit,
1249 1586 1331 1652 clare
1354 1587 1552 1668 conspicitur.

375 1691 531 1754 Homerus
555 1689 638 1754 enim
661 1688 736 1754 Il.o
759 1687 824 1753 482
847 1707 914 1770 sqq.
939 1687 1158 1753 Anthemicnis
1181 1687 1284 1753 filium
1306 1689 1345 1754 ab
1369 1689 1465 1754 Aiace
1488 1708 1559 1772 per-

377 1811 502 1859 cussum
525 1797 619 1876 atque
634 1793 666 1858 in
685 1795 801 1857 terram
817 1792 1009 1857 decidentem
1025 1791 1144 1856 confert
1159 1792 1284 1874 populo,
1300 1811 1394 1875 quam
1410 1809 1559 1857 curruum

376 1895 546 1961 fabricator
562 1896 643 1960 ferro
658 1894 787 1960 micanti
804 1895 927 1972 excidit,
950 1895 987 1959 ut
1003 1913 1038 1958 ex
1054 1913 1092 1959 ea
1106 1895 1271 1961 incurvata
1285 1897 1387 1961 rotam
1404 1893 1559 1960 conficiat·

373 2001 512 2081 itemque
528 2000 567 2064 Il.
586 2024 609 2066 π
626 2000 690 2066 482
707 2019 774 2082 sqq.
798 1999 955 2083 Sarpedon
970 1997 1109 2065 Patrocli
1132 1999 1194 2065 telo
1216 2017 1381 2083 percussus
1405 1998 1559 2064 concidite

738 2121 778 2181 ὡς
796 2121 846 2174 ὅτε
865 2135 907 2183 τις
925 2121 994 2189 όρῡς
1013 2121 1114 2188 ἧριπεν
1133 2121 1150 2186 ἢ
1171 2119 1300 2188 ἀχερωῒς,

580 2206 614 2271 ήέ
633 2205 715 2268 πίτυς
734 2207 858 2273 βλωθρή,
877 2206 959 2273 τήντ’
978 2207 1076 2274 οὔρεσι
1093 2207 1228 2270 τέκτονες
1247 2207 1348 2275 ἄνδρες

581 2291 719 2356 ἐξέταμον
737 2292 886 2346 πελέκεσσι
905 2292 1019 2359 νεήκεσι
1038 2294 1123 2359 νήϊον
1142 2293 1226 2347 εἶναι·

376 2397 430 2462 bas
445 2396 575 2461 Homeri
590 2397 745 2478 imagines
762 2396 947 2478 Apollonius
964 2397 1013 2462 bis
1029 2399 1173 2463 imitatus
1189 2401 1246 2481 est,
1263 2400 1338 2480 Arg.
1355 2397 1371 2460 I
1389 2397 1472 2463 1003
1488 2417 1555 2482 sqq.

374 2500 407 2563 et
429 2500 474 2564 IV
505 2500 590 2564 1680
618 2518 697 2582 sqq,
733 2519 864 2583 quornm
898 2502 996 2565 altero
1031 2502 1097 2566 loco
1130 2503 1221 2583 poeta
1254 2500 1483 2567 Alexandrinus
1517 2503 1557 2566 ab

374 2604 514 2685 exemplo
547 2622 601 2668 suo
626 2622 662 2668 eo
685 2604 798 2668 leviter
831 2605 962 2688 recedit,
997 2605 1079 2686 quod
1108 2606 1228 2686 piceam
1264 2603 1423 2670 securibus
1453 2605 1555 2670 acutis

372 2707 574 2772 semicaesam
596 2707 732 2784 exhibet,
756 2727 833 2790 quae
850 2711 942 2773 noctu
958 2713 1121 2773 ventorum
1137 2709 1203 2774 ictu
1219 2708 1356 2789 primum
1372 2709 1556 2784 concutitur,

373 2815 442 2875 tum
466 2811 572 2875 autem
595 2811 746 2876 radicitus
770 2830 878 2877 eversa
901 2811 1051 2876 concidit:

577 2930 637 2983 ἀλλ’
657 2931 696 2993 ὼς
714 2930 757 2994 τίς
774 2933 799 2984 τ’
819 2933 850 2985 έν
869 2932 966 2998 ὄρεσσι
985 2930 1110 2998 πελωρίη
1131 2931 1220 2998 ὑψόθι
1238 2932 1337 2998 πεύκη,

577 3017 630 3083 τήν
649 3034 681 3070 τε
699 3018 776 3080 θοοῖς
794 3018 959 3071 πελέκεσσιν
979 3019 1018 3070 ἔθ’
1040 3020 1188 3084 ἡμιπλῆγα
1206 3019 1338 3082 λιπόντες

577 3105 714 3168 ὑλοτόμοι
733 3104 853 3172 δρυμοῖο
873 3106 1045 3171 κατήλυθον·
1069 3105 1086 3170 it
1108 3104 1131 3158 δ’
1151 3106 1207 3158 ὑπὸ
1225 3107 1306 3158 νυκτί

578 3191 693 3257 ῥιπῇσιν
713 3192 764 3255 μὲν
783 3195 885 3257 πρῶτα
904 3192 1079 3253 τινάσσεται,
1099 3194 1222 3260 ὕστερον
1243 3192 1313 3246 αθτε

577 3277 742 3343 πρυμνόθεν
761 3277 909 3342 έξεαγεῑσα
928 3277 1098 3346 κατήριπεν·

370 3381 465 3447 buius
488 3400 608 3464 quoque
631 3383 691 3448 loci
713 3385 838 3464 practer
851 3384 981 3448 Homeri
1008 3384 1159 3465 imagines
1176 3402 1270 3467 supra
1285 3385 1436 3450 tractatas
1452 3401 1553 3450 recor·

371 3486 464 3552 datus
495 3504 561 3551 esse
592 3486 716 3551 videtur
739 3486 914 3570 Vergilius,
946 3506 1017 3551 cum
1042 3489 1121 3552 Aen.
1151 3487 1182 3550 Π
1210 3486 1273 3552 626
1296 3505 1362 3569 sqq.
1386 3486 1553 3552 interitum

371 3588 458 3654 urbis
480 3589 600 3670 Troiae,
623 3610 702 3672 quae
724 3591 843 3656 decimo
867 3594 993 3657 demum
1016 3609 1130 3655 annua
1147 3591 1273 3657 Graecis
1289 3592 1382 3673 capta
1397 3591 1454 3674 est,
1478 3608 1553 3655 orno

371 3691 521 3776 illustrat,
545 3712 622 3775 quae
645 3694 726 3758 terro
749 3695 849 3760 accisa
863 3695 927 3759 iam
944 3712 1052 3760 casura
1069 3699 1116 3759 est
1139 3695 1304 3777 nutatque,
1333 3695 1428 3760 donec
1443 3712 1552 3776 supre-

372 3813 460 3859 mum
482 3798 713 3880 congemiscens
737 3798 843 3863 trahet
865 3801 1005 3862 ruinam:

576 3931 609 3969 ac
626 3916 712 3969 ueluti
729 3918 840 3970 summis
859 3917 1000 3986 antiquum
1019 3917 1050 3970 iu
1067 3917 1204 3972 recutitus
1223 3933 1323 3970 eruum

575 4019 636 4056 cum
653 4003 731 4068 ferro
748 4006 867 4060 accisam
884 4006 1037 4073 crebrisque
1056 4006 1217 4073 bipennibus
1234 4007 1340 4059 iustuut

574 4104 670 4142 eruere
688 4091 825 4159 upricotue
838 4092 978 4145 certatim:
996 4091 1047 4144 itia
1064 4107 1151 4159 usquc
1169 4091 1293 4144 minatur

575 4180 600 4228 et
618 4175 779 4240 tremefactu
798 4194 900 4232 cumam
918 4193 1046 4231 concusso
1064 4177 1164 4230 vertice
1183 4182 1275 4240 uutet,

574 4261 729 4316 volueribus
748 4261 834 4318 douec
850 4264 990 4331 paulatim
1008 4264 1095 4318 euicta
1112 4277 1270 4330 supremum

574 4349 728 4419 congemuit
747 4351 888 4418 traxitque
906 4351 977 4420 iupis
994 4350 1086 4404 uootsu
1103 4350 1229 4404 ruinam..

367 4471 462 4534 quem
494 4453 597 4520 locum
624 4455 650 4520 si
684 4456 911 4538 comparaveris
939 4475 1010 4521 cum
1045 4455 1107 4533 eis,
1141 4474 1220 4537 qnae
1241 4453 1317 4519 Met.
1342 4455 1373 4519 X
1396 4454 1457 4520 371
1482 4472 1584 4558 sqq.-

368 4555 518 4638 legimus:
