3366 5132
849 510 1059 576 ..16-

461 698 621 782 Vergilius
654 703 762 765 autem
794 698 873 764 mibi
908 699 1040 783 pendero
1073 698 1196 765 videtur
1229 717 1266 764 en
1299 699 1453 780 Homero,
1488 698 1543 782 qui

359 803 389 868 Ii
410 807 429 868 λ
451 802 493 869 72
515 821 561 885 sq.
594 806 626 868 et
650 808 669 869 δ
690 801 752 866 471
777 821 824 886 sq.
849 801 998 869 Troianos
1026 803 1058 870 et
1080 803 1216 870 Achivos
1250 803 1423 888 pugnantes
1457 803 1541 885 lupis

360 905 480 972 confert
501 906 636 972 invicem
659 904 863 972 irruentibus.

460 1008 574 1076 Altera
602 1007 741 1076 eiusdem
769 1010 892 1096 generis
921 1008 1071 1093 imaginis
1103 1009 1203 1077 forma
1224 1012 1307 1091 apud
1330 1006 1481 1076 Ovidium
1505 1026 1542 1072 ee

358 1113 416 1197 est,
439 1130 500 1195 qua
523 1111 614 1196 lupus
637 1111 860 1179 incustoditum
883 1111 965 1179 ovile
988 1113 1117 1195 captans
1142 1113 1192 1179 vel
1214 1111 1399 1178 circumiens
1422 1111 1538 1177 descri-

359 1215 456 1283 bitur.
479 1216 525 1283 sie
537 1216 635 1283 Trist.
648 1217 664 1281 I
679 1216 710 1296 6,
722 1217 742 1284 9
757 1233 817 1299 σιμ,
830 1219 922 1298 poeta
936 1218 1039 1282 uxoris
1057 1214 1151 1280 iidem
1166 1217 1199 1282 et
1213 1215 1403 1282 industriam
1417 1212 1538 1288 laudat,

359 1322 472 1403 quippe
494 1338 574 1403 quae
595 1321 765 1404 quendam,
787 1319 841 1403 qui
864 1338 918 1385 ceu
941 1318 1034 1403 lupus
1058 1335 1153 1385 vorax
1175 1322 1207 1385 et
1235 1320 1343 1386 avidus
1373 1317 1539 1403 sanguinis

359 1423 435 1488 ovili
458 1423 562 1489 minus
584 1423 740 1490 custodito
763 1422 916 1489 insidians
938 1423 973 1489 in
994 1422 1076 1488 bona
1098 1421 1197 1505 ipsius
1219 1421 1316 1489 fuerit
1330 1422 1538 1499 involuerum,

358 1545 413 1610 per
434 1528 550 1611 amicos
572 1526 679 1593 fideles
702 1527 898 1592 submoveat:

355 1643 358 1648 ’
462 1663 465 1670 ’
562 1651 646 1715 edoce
662 1662 754 1715 ropac
770 1646 928 1701 stimulante
945 1647 1019 1713 fame
1037 1645 1208 1715 cupidosque
1226 1646 1334 1701 cruoris

614 1731 813 1788 imcstoditcm
830 1737 925 1800 captat
943 1731 1012 1787 cosse
1030 1732 1121 1801 lupae.

357 1836 558 1921 persimilitor
581 1855 617 1901 ex
639 1837 675 1902 P.
698 1837 716 1901 I
737 1837 768 1919 2,
794 1836 844 1902 20.
869 1836 940 1901 exul
962 1840 1053 1920 poeta
1074 1839 1198 1921 propria
1229 1839 1313 1903 mala
1334 1837 1539 1920 ingemiscens

358 1942 452 2023 atque
475 1957 629 2022 exponens
652 1943 760 2005 narrat
782 1938 888 2005 hostes
911 1940 1035 2006 moenia
1049 1939 1206 2006 ¹lustrare:

615 2073 688 2113 more
706 2059 767 2128 tupi
784 2059 892 2114 choses
910 2060 1107 2114 circumeuntis
1124 2075 1193 2115 coes.

459 2161 528 2229 Hae
562 2163 673 2229 ambae
707 2163 862 2246 imagines
902 2168 975 2246 apte
1012 2164 1124 2230 referri
1164 2167 1296 2248 possunt
1329 2165 1369 2230 ad
1404 2163 1537 2249 Vergilii
1673 2197 1674 2208 ι

355 2266 438 2333 Aen.
461 2266 508 2332 IX
529 2265 572 2334 59
594 2285 653 2350 sq.,
675 2265 731 2331 ubi
752 2266 878 2332 'sarnus
901 2266 1059 2334 confertur
1081 2285 1154 2334 cum
1176 2268 1250 2351 lupo
1273 2268 1348 2334 ovili
1369 2267 1538 2334 insidiante
1673 2289 1674 2341 ι

357 2370 390 2434 et
413 2371 451 2435 ad
474 2369 578 2436 caules
601 2368 767 2435 fremente:

562 2505 596 2543 co
612 2488 700 2544 oetutt
715 2490 796 2556 picco
814 2489 898 2557 iupus
916 2488 1066 2544 insidiatus
1084 2489 1150 2543 ouili

562 2591 643 2645 quern
653 2576 751 2641 fremit
768 2574 807 2629 od
825 2575 920 2629 socios
943 2615 949 2627 .
978 2612 985 2626 .
1014 2616 1020 2630 .

354 2681 455 2765 ipsius
484 2683 590 2746 autem
614 2679 746 2763 Vergilii
768 2679 873 2762 imago
896 2698 1004 2745 rursus
1029 2680 1069 2744 ad
1090 2678 1263 2745 Homerum
1287 2680 1386 2746 redire
1402 2679 1536 2762 videtur,

357 2785 411 2867 qui
433 2784 472 2849 Il.
495 2807 519 2852 π
536 2783 600 2849 352
622 2801 689 2867 sqq.
712 2782 788 2849 haec
810 2784 921 2850 habet:

561 2905 601 2967 ὡς
620 2904 650 2957 δὲ
668 2903 748 2958 λύκοι
767 2904 901 2971 ἄρνεσσιν
919 2904 1060 2971 ἐπέχραον
1079 2905 1097 2970 ἢ
1117 2903 1259 2971 ἐρίφοισιν

561 2986 664 3053 σίνται,
682 2990 753 3043 ὑπὲκ
772 2989 871 3056 μήλων
891 2987 1063 3056 αἱρούμενοι,
1082 2989 1112 3042 αἵ
1128 2989 1154 3043 τ’
1172 2990 1204 3044 ἐν
1223 2990 1338 3057 ὄρεσσιν

560 3075 694 3139 ποιμένος
712 3073 869 3142 ἀφραδίῃσι
887 3075 1049 3140 διέτμαγεν·
1073 3073 1099 3128 οἱ
1118 3075 1149 3129 δὲ
1167 3073 1277 3138 ἰδόντες

562 3161 634 3227 αἶψα
653 3160 856 3228 διαρπάζουσιν
874 3159 1013 3214 ἀνάλκιδα
1031 3161 1122 3227 θυμὸν
1141 3161 1271 3228 ἐχούσας.

355 3268 492 3348 itemque
515 3263 575 3331 buc
596 3265 792 3330 referendum
814 3284 881 3330 esse
903 3268 978 3348 puto
1008 3266 1111 3332 locum
1134 3264 1172 3329 ΙΙ.
1196 3289 1214 3331 κ
1235 3265 1300 3331 485
1323 3285 1380 3349 σα,
1409 3268 1463 3333 ubi
1484 3267 1532 3332 leo

355 3373 617 3436 commemoratur
638 3368 833 3435 incustoditis
856 3370 1072 3451 superveniens
1096 3369 1267 3451 pecudibus
1290 3369 1397 3434 eodem
1426 3369 1530 3444 modo,

355 3493 415 3557 quo
438 3473 534 3539 Trist.
558 3473 574 3537 Ι
597 3473 628 3551 6,
652 3473 672 3538 9
695 3490 741 3556 sq.
764 3471 880 3556 legitur
905 3471 1136 3538 ‘incustoditum
1161 3464 1266 3540 orile'.

457 3576 539 3660 Apte
572 3595 692 3659 quoque
727 3593 799 3641 cum
832 3575 881 3640 his
916 3575 1176 3642 similitudinibus
1210 3577 1395 3658 eluporum
1428 3574 1533 3641 indole

354 3680 463 3763 petitis
486 3680 748 3761 comparabuntur
770 3697 823 3744 eae
838 3679 991 3762 imagines
1007 3677 1189 3761 Ouidianae,
1213 3678 1247 3743 in
1262 3679 1375 3762 quibus
1389 3697 1452 3744 non
1468 3681 1533 3745 tum

354 3784 445 3866 lupus
469 3802 562 3866 quam
584 3801 683 3868 agnus
706 3783 887 3862 primarium
901 3783 1006 3847 locum
1029 3783 1158 3861 obtinet,
1182 3782 1229 3848 ita
1250 3783 1367 3862 tamen,
1391 3785 1428 3848 ut
1442 3786 1534 3866 poeta

354 3887 409 3953 has
424 3886 646 3969 descriptiones
668 3886 779 3952 iisdem
796 3885 990 3952 exornaverit
1013 3883 1179 3964 coloribus,
1204 3883 1242 3950 ci.
1259 3885 1336 3952 Met.
1353 3885 1402 3950 V6
1417 3885 1458 3950 26
1476 3904 1531 3968 sq.‚

353 3990 436 4056 Fast.
459 3990 494 4054 II
518 3990 580 4055 799
602 4008 660 4073 sp,
684 3989 780 4056 Trist.
802 3991 853 4055 III
878 3991 928 4067 11,
953 3990 1012 4067 12..
1036 3990 1076 4056 A.
1099 3992 1137 4055 A.
1160 3989 1177 4054 Ι
1201 3990 1272 4055 118.

456 4092 566 4158 Tertia
587 4093 718 4176 denique
749 4094 887 4160 eiusdem
915 4093 1064 4178 imaginis
1088 4093 1190 4158 forma
1217 4092 1368 4158 instituta
1397 4096 1445 4158 est
1475 4093 1532 4176 ita,

353 4198 390 4263 ut
410 4197 503 4279 lupus
525 4214 615 4260 orem
636 4194 758 4280 rapiens
774 4196 824 4261 vel
839 4197 967 4262 trahens
984 4196 1175 4264 exhibeatur.
1198 4196 1298 4261 veluti
1314 4196 1408 4261 Trist.
1432 4195 1478 4261 IV
1503 4198 1532 4271 1,

354 4289 395 4363 79
418 4318 463 4382 sq.
487 4301 557 4365 exul
579 4301 671 4383 poeta
693 4301 794 4378 mala,
824 4318 901 4382 quae
924 4301 1098 4386 perpetitur
1119 4301 1153 4365 in
1175 4298 1324 4386 Scythia,
1348 4315 1533 4365 enumerans

353 4403 459 4467 narrat
482 4402 620 4483 hostem,
644 4404 672 4467 si
695 4422 787 4486 quem
809 4422 863 4485 per
887 4422 977 4487 agros
1007 4408 1093 4470 crate
1126 4405 1292 4492 portarum
1326 4423 1388 4469 non
1410 4405 1529 4469 tectum

352 4505 519 4586 invenerit,
543 4525 614 4572 eum
637 4506 763 4574 trahere
786 4507 879 4572 sicuti
902 4508 1030 4574 avidum
1052 4509 1164 4590 lupum
1186 4525 1285 4586 ovem,
1315 4524 1394 4589 quae
1416 4525 1450 4571 se
1473 4520 1532 4571 non
