3366 5132
623 539 838 603 ..35-

138 730 273 795 alterum
297 729 481 811 Apollonius
505 730 581 810 Arg.
605 729 656 792 ΙΙΙ
683 728 765 792 1292
788 747 867 810 sqq:

759 849 850 916 αὐτὰρ
870 849 886 902 ὁ
905 850 1019 915 τούσγε,

345 936 376 990 εὖ
397 937 502 1002 διαβάς,
523 936 665 1001 ἐπιόντας,
684 937 735 990 ἅτε
754 937 854 1000 σπιλὰς
872 935 914 990 εἰν
933 938 978 992 ἁλὶ
996 937 1087 1005 πέτρη

345 1021 437 1089 μίμνει
456 1021 632 1091 ἀπειρεσίῃσι
652 1023 810 1088 δονεύμενα
828 1023 930 1089 κύματ’
949 1023 1069 1087 ἀέλλαις,

139 1130 269 1195 tertium
292 1129 451 1214 Vergilius
475 1129 553 1194 Aen.
575 1128 606 1192 X
629 1127 692 1194 693
715 1147 801 1211 sqq:

344 1249 391 1304 stre
408 1250 480 1303 uetat
497 1264 589 1316 rupes,
608 1253 716 1302 uastum
734 1265 806 1316 quae
819 1247 917 1316 prodit
934 1249 965 1301 iu
983 1265 1092 1319 aequor,

343 1335 422 1389 obuia
439 1340 582 1389 oeutoruru
598 1335 683 1401 furiis
698 1340 863 1402 expostaque
877 1342 972 1403 pouto,

344 1423 397 1475 aiut
415 1425 544 1475 cuuctaru
562 1426 644 1489 atque
661 1421 751 1474 miuus
765 1420 876 1488 perfert
893 1421 1014 1490 caelique
1031 1423 1177 1490 morisque,

342 1508 405 1575 ipsa
422 1508 534 1560 immota
550 1521 681 1573 mausus,-

137 1613 297 1695 praeterea
310 1612 349 1679 cf.
359 1613 437 1675 Aen.
446 1608 580 1678 vuaso
592 1631 669 1695 sqq,
681 1611 735 1676 ubi
746 1610 885 1693 Latinus,
898 1610 952 1692 qui
964 1629 1064 1694 neque
1073 1615 1206 1678 Amatae
1221 1616 1323 1678 uxoris

137 1734 238 1798 neque
260 1715 358 1780 Turni
378 1717 521 1800 precibus
545 1714 666 1780 moveri
687 1714 799 1796 potest,
823 1716 859 1778 ut
881 1713 999 1798 foedus,
1024 1715 1104 1797 quod
1129 1733 1201 1780 eum
1217 1715 1324 1781 Aenea

137 1819 223 1896 fecit,
247 1818 354 1898 violet,
378 1839 448 1884 cum
470 1840 546 1902 rupe
570 1820 745 1885 confertur:

344 1940 390 1994 itte
407 1941 483 1995 cetut
498 1939 591 2008 petaqi
608 1955 694 2008 rupes
711 1939 822 1992 immota
840 1938 949 2003 resistit,

345 2033 376 2080 ut
392 2027 482 2096 petaqi
500 2042 584 2094 rupes
601 2042 697 2096 raeque
715 2026 838 2079 aeuieute
855 2026 973 2096 fraqast,

346 2129 416 2182 quae
433 2129 490 2166 sese
508 2113 600 2166 multis
618 2113 720 2166 ursum
738 2113 904 2166 latrautibus
921 2113 1006 2166 audis

345 2199 414 2254 ructa
432 2204 517 2264 teuet;
535 2198 641 2266 scopuli
658 2199 823 2266 uequiquau
841 2205 868 2252 et
885 2215 998 2266 equum
1015 2200 1118 2254 circum

344 2301 415 2339 suaa
432 2286 554 2352 fremuut
571 2285 703 2353 laterique
720 2285 805 2338 tuttso
823 2283 987 2350 refuuditur
1005 2286 1075 2356 atqu.

243 2383 345 2457 Ovidii
368 2391 501 2474 denique
533 2390 757 2456 similitudines
788 2392 879 2455 huius
911 2395 1031 2474 generis
1060 2393 1325 2476 perlustrantibus

138 2497 221 2560 bunc
255 2494 388 2578 Vergilii
422 2496 504 2561 locos
544 2499 618 2560 ante
659 2494 764 2559 oculos
805 2494 951 2560 habuisse
992 2496 1165 2580 adparebit.
1209 2497 1326 2562 etenim

138 2600 217 2666 Met.
240 2598 287 2662 IX
310 2599 352 2665 39
374 2617 439 2680 sqq.
462 2607 554 2681 poeta
576 2597 780 2680 Calydonium
796 2597 969 2662 Acheloum
992 2619 1083 2664 suum
1104 2619 1176 2664 cum
1192 2599 1326 2665 Hercule

140 2707 302 2769 certamen
324 2702 370 2767 sic
392 2706 573 2766 narrantem
596 2702 688 2767 facit:

346 2838 388 2876 are
406 2839 467 2876 meu
485 2821 611 2887 detrudit
628 2823 751 2892 gravitas
769 2823 932 2890 frustraque
946 2824 1072 2891 potabor,

345 2910 420 2964 baud
437 2926 514 2964 secus
532 2927 564 2964 aa
582 2913 673 2976 ructes,
693 2928 775 2980 quara
792 2928 889 2980 suaque
907 2926 1048 2965 euurmure
1065 2913 1166 2979 fluctus

347 3003 526 3066 oppuquaut;
544 3003 637 3050 mouet
653 2998 704 3051 illa
721 3014 823 3067 suoque
841 3003 880 3051 est
895 2999 1017 3066 paudere
1034 3004 1104 3052 tuta.

142 3125 205 3190 qua
227 3105 261 3169 in
283 3122 317 3168 re
339 3103 397 3168 hoc
419 3102 620 3186 potissimum
643 3102 814 3169 observetis
838 3104 944 3182 velim,
969 3105 1075 3170 Ovidii
1097 3105 1194 3170 verba
1209 3097 1328 3171 ‘manet

142 3209 199 3274 illa
222 3224 340 3289 suoque
362 3211 409 3272 est
433 3207 565 3288 pondere
588 3195 669 3272 tuta'
693 3211 798 3290 aperte
822 3227 991 3292 congruere
1022 3226 1094 3272 cum
1123 3207 1172 3290 his
1195 3209 1328 3294 Vergilii

140 3302 232 3394 ‘quae
256 3329 324 3376 sese
357 3310 468 3375 multis
491 3311 609 3375 circum
643 3311 834 3376 latrantibus
869 3312 963 3375 undis
986 3312 1067 3376 mole
1090 3312 1197 3376 tenet’.
1236 3331 1327 3394 porro

141 3415 203 3481 huc
225 3414 406 3481 referendus
431 3417 478 3479 est
500 3415 585 3480 locus
597 3416 685 3480 Rem.
702 3415 763 3480 691
782 3434 837 3497 αα,
862 3415 925 3493 ubi,
943 3435 1135 3498 quamquam
1150 3434 1213 3480 nou
1228 3416 1328 3498 ipsius

139 3517 338 3583 constantiae
361 3521 455 3600 atque
477 3517 640 3583 firmitatis
662 3519 749 3584 notio
771 3520 911 3601 urgetur,
937 3521 1040 3584 tamen
1064 3521 1168 3602 imago
1193 3520 1230 3584 de
1252 3539 1328 3602 rupe

51 3625 53 3632 '
141 3621 292 3686 fluctibus
312 3622 453 3704 undique
475 3623 567 3705 pulsa
591 3621 697 3687 eodem
721 3641 756 3686 ex
778 3624 866 3688 fonte
897 3626 991 3708 atque
1019 3625 1120 3689 altera
1150 3623 1328 3688 similitudo

140 3731 299 3798 Ouidiana
320 3729 446 3796 fluxisse
469 3729 610 3792 videtur:
888 3719 901 3734 ⁶

349 3849 456 3902 artibus
473 3847 627 3901 iuuuueris
645 3863 721 3900 ursus
738 3849 919 3916 oppuquatur
936 3853 1086 3910 auratum,

400 3940 433 3989 ut
450 3935 522 4004 lapis
540 3934 687 4003 aequoreis
700 3932 825 4003 uudique
842 3934 940 4002 pulsus
957 3935 1045 4002 aquis.

246 4042 307 4106 His
338 4040 529 4124 imaginibus
558 4039 749 4125 subiungere
779 4040 855 4105 licet
891 4039 1117 4105 similitudines
1148 4059 1185 4104 er
1213 4039 1330 4104 harena

143 4148 271 4232 petitae,
295 4146 409 4229 quibus
432 4146 544 4228 ingens
567 4163 671 4209 rerum
694 4163 843 4209 numerus
866 4144 1055 4209 illustratur.
1080 4162 1140 4226 quo
1164 4145 1201 4208 de
1222 4147 1329 4209 trans·

142 4251 301 4316 lationnm
331 4268 460 4333 genere,
490 4250 577 4314 cuius
606 4249 746 4331 exempla
775 4249 837 4312 iam
866 4247 1045 4330 Zingerleus
1073 4247 1095 4311 l.
1116 4267 1142 4316 c.
1165 4249 1182 4313 Ι
1211 4249 1252 4313 37
1284 4267 1330 4332 sq·

142 4354 316 4438 congessit,
341 4355 426 4418 certe
447 4372 509 4418 non
532 4371 610 4435 opus
634 4356 682 4417 est
704 4353 806 4416 multa
828 4352 926 4415 verba
948 4351 1062 4430 facere,
1086 4351 1235 4435 quoniam
1250 4353 1330 4419 tales

143 4459 370 4524 similitudines
393 4461 426 4523 in
449 4459 590 4524 omnium
614 4457 678 4521 fere
702 4457 841 4540 gentium
872 4473 1014 4520 sermone
1044 4457 1121 4520 satis
1152 4457 1330 4540 frequentes

143 4581 212 4628 esse
223 4581 315 4628 nemo
327 4561 438 4627 nescit.
464 4563 496 4626 id
510 4564 636 4626 tantum
652 4577 860 4626 commemoro
877 4556 1026 4623 Ovidium
1039 4560 1166 4625 easdem
1178 4561 1330 4642 imagines

1191 4663 1228 4714 3*
