3370 5134
664 509 877 574 ..93-

279 695 470 780 Priusquam
483 700 588 764 autem
601 697 640 762 ab
653 699 710 764 hoo
718 697 895 784 imaginum
912 716 1022 781 genere
1040 699 1245 778 discedamus,
1263 697 1360 765 verbo

173 800 304 866 tantum
327 799 598 866 commemoranda
620 799 699 866 mihi
722 801 783 866 erit
806 801 983 867 similitudo
1016 803 1168 885 quaedam
1202 821 1238 868 ox
1270 801 1358 869 vent'

175 904 290 968 natura
312 903 421 988 potita,
444 920 539 986 qnam
562 921 634 968 cum
657 904 792 987 quadam
822 905 887 969 ueri
916 903 1131 971 similitudinis
1160 905 1261 990 specie
1291 923 1363 972 cum

175 1006 315 1073 eiusdem
329 1008 453 1091 generis
468 1006 607 1073 Lucretii
622 1007 813 1092 imaginibus
829 1007 962 1073 conferri
977 1025 1066 1090 posse
1081 1007 1227 1076 arbitror.
1243 1009 1361 1076 etenim

175 1111 248 1177 dm.
271 1110 303 1176 H
325 1111 355 1188 9,
378 1110 421 1177 29
443 1129 512 1194 sqq.
536 1109 665 1177 Ovidius
689 1130 778 1177 suam
802 1112 917 1178 amoris
940 1111 1119 1195 cupidinem
1141 1113 1191 1178 his
1214 1111 1359 1178 illustrat

173 1213 455 1281 similitudinibus:

378 1341 411 1391 at
428 1336 504 1403 rapit
522 1335 553 1389 im
568 1350 703 1403 praeceps
720 1335 865 1390 dominam
881 1337 1043 1404 spumantia
1059 1334 1171 1401 frastra

428 1422 515 1488 frema
532 1427 714 1476 retentantem
731 1421 828 1476 durior
846 1423 902 1476 oria
921 1435 1013 1490 equae,

377 1514 410 1563 at
426 1507 534 1562 ambitae
548 1523 638 1576 prope
656 1508 712 1562 iam
726 1523 834 1576 prema
851 1507 949 1562 teliore
967 1509 1094 1564 coriatam

429 1600 586 1665 taaqemem
600 1601 700 1664 portae
716 1602 812 1650 nemas
829 1596 861 1650 im
878 1595 938 1648 atta
955 1596 1046 1663 rapit:

377 1682 417 1738 eia
433 1697 475 1738 me
492 1697 575 1751 caepe
593 1680 682 1747 refert
698 1683 807 1737 incerta
825 1681 966 1750 crepidinis
983 1699 1057 1736 aura
1078 1718 1087 1735 .
1112 1719 1121 1736 .
1148 1719 1156 1735 .

171 1786 283 1870 quibus
307 1805 344 1852 ex
361 1786 552 1872 imaginibus
569 1787 711 1867 alteram,
728 1805 813 1878 quae
828 1789 868 1854 ad
884 1792 1014 1854 ventum
1029 1807 1144 1854 navem
1158 1787 1359 1869 inpellentem

171 1891 323 1977 pertinet,
347 1888 495 1958 Ouidium
517 1890 557 1956 ad
581 1889 773 1957 Graecorum
796 1891 937 1976 exempla
967 1892 1121 1978 quaedam
1149 1890 1359 1959 conformasse

172 1993 304 2061 tortasse
326 1993 501 2078 suspiceris,
526 1996 673 2078 quoniam
686 1993 820 2062 Graecos
843 2015 860 2060 o
882 1995 979 2061 maris
990 1995 1103 2061 natura
1115 1995 1147 2061 at
1158 1994 1360 2079 navigatione

168 2097 308 2180 plurima
328 2098 477 2165 orationis
500 2098 623 2164 lumina
645 2094 874 2182 deprompsisse
897 2118 947 2165 res
971 2102 1019 2163 est
1042 2098 1218 2165 notissima.
1247 2117 1360 2165 verum

170 2205 275 2268 tamen
308 2202 391 2286 apud
430 2201 553 2268 nullum
586 2206 711 2285 poetam
750 2201 888 2267 similem
921 2203 1044 2286 repperi
1077 2201 1265 2286 imaginem,
1301 2221 1359 2268 nec

169 2307 251 2388 apud
266 2307 438 2372 Homerum
461 2324 518 2371 noc
539 2307 623 2389 apud
638 2305 843 2389 Apollonium
864 2323 923 2370 nec
937 2307 1020 2388 apud
1041 2304 1154 2390 lyricos
1166 2304 1355 2372 Graecorum

170 2427 225 2473 nec
247 2408 330 2492 apud
352 2409 488 2494 tragicos
511 2412 637 2492 poetas,
671 2408 733 2474 nisi
763 2409 846 2492 quod
869 2408 1069 2492 aliquatenus
1098 2409 1229 2476 conferri
1252 2412 1357 2493 potest

168 2511 305 2598 Lucretii
338 2514 502 2595 descriptio
526 2513 572 2577 IV
595 2512 659 2580 892
681 2531 759 2597 sqq,
792 2512 847 2581 ubi
870 2511 920 2578 hic
953 2513 1078 2580 ‘navem
1104 2516 1196 2579 vento
1221 2513 1355 2598 pulsam'

169 2615 294 2697 profert,
319 2619 355 2682 ut
377 2635 467 2683 suam
491 2615 739 2700 explicationem,
765 2635 820 2683 cur
843 2635 953 2700 corpus
975 2619 1103 2696 feratur,
1127 2617 1282 2684 illustret:

370 2742 517 2806 praeterea
535 2741 594 2792 tam
611 2738 727 2792 rarescit
745 2753 851 2806 quaque
870 2753 978 2806 carpat,
997 2743 1024 2792 et
1041 2740 1099 2803 air,

373 2823 482 2888 scilicet,
500 2829 532 2878 at
551 2823 626 2878 debet
645 2824 693 2892 qai
710 2839 816 2892 semper
833 2824 938 2878 mobilis
956 2829 1040 2887 extat,

369 2925 423 2979 per
436 2908 582 2978 patefacta
599 2912 675 2965 uertit
689 2917 872 2981 penetratque
888 2911 1033 2977 foramina!
1049 2911 1152 2980 larque,

373 3002 399 3050 et
417 2996 587 3066 disparqitar
604 2997 642 3050 aul
655 2999 750 3065 partie
767 2997 809 3052 ita
827 3014 949 3066 quaeqae
967 2997 1091 3051 mimatae

373 3083 503 3152 corporis.
521 3083 565 3138 bic
582 3084 671 3152 ipitar
688 3085 767 3138 rebar
783 3084 817 3151 fit
834 3085 972 3154 utrimque
990 3084 1107 3150 daabas,

370 3171 494 3238 eorporis
512 3175 544 3225 at
560 3171 640 3224 aava
653 3171 723 3240 ,celia
740 3176 874 3240 beatoque
889 3170 1012 3237 feratur.

167 3309 261 3373 quam
282 3292 375 3360 navis
398 3292 639 3376 descriptionem
662 3291 768 3358 Ovidii
791 3293 891 3358 menti
915 3292 1088 3358 inhaesisse
1117 3310 1152 3358 eo
1183 3291 1352 3376 proclivius

166 3396 283 3476 credas,
308 3398 388 3479 qnod
411 3396 575 3462 Lucretius
598 3415 668 3462 eam
692 3396 738 3461 Vl
755 3395 840 3463 1030
861 3414 927 3479 sqq.
950 3395 997 3462 ibi
1013 3395 1148 3480 repetiit,
1172 3396 1227 3462 ubi
1250 3396 1350 3462 admi-

164 3500 278 3567 randas
302 3499 384 3565 vires
407 3501 564 3580 magnetis
589 3499 774 3584 explicavit:

370 3622 422 3688 la'c,
440 3623 491 3676 tibi
507 3639 587 3691 quem
604 3638 728 3689 memora,
743 3639 798 3693 per
815 3622 894 3678 creba
911 3621 1050 3680 foramina
1066 3620 1139 3688 ferri

366 3725 471 3778 porros
489 3708 526 3763 ad
541 3709 632 3777 partia
648 3709 790 3764 subtiliter
808 3709 981 3771 insinuatas,

369 3796 459 3850 tradit
477 3795 639 3864 attremuit,
658 3796 738 3865 quasi
755 3811 852 3851 nonem
870 3795 981 3864 velaque
998 3799 1105 3851 reatae.

166 3900 301 3984 denique
323 3902 434 3965 notatu
457 3900 589 3983 dignum
612 3902 662 3966 est
684 3901 725 3980 id,
748 3900 831 3984 quod
848 3900 950 3984 priore
964 3893 1230 3976 loco‘loramina‘,
1246 3899 1351 3981 poste·

162 4006 242 4070 rioro
265 3999 331 4087 ‘per
363 4002 472 4070 crebra
506 4004 672 4070 foramina’
702 4004 828 4088 legitur,
864 4005 946 4088 quod
981 4003 1168 4071 vocabulum
1190 4001 1348 4069 Nasonem

162 4126 284 4191 quoque
306 4107 340 4174 in
362 4107 517 4174 locutione
546 4109 604 4175 illa
635 4108 699 4193 ‘per
727 4110 820 4174 densa
849 4108 1012 4208 toramina’
1044 4106 1224 4175 adhibuisse
1254 4125 1351 4189 supra

163 4211 311 4277 vidimus.

265 4329 354 4412 Quod
377 4335 484 4398 autem
506 4335 546 4398 ad
560 4332 696 4416 priorem
711 4329 816 4397 Ovidii
831 4331 1006 4416 imaginem
1021 4350 1135 4415 equum
1150 4331 1348 4416 spectantem

163 4435 292 4515 attinet,
328 4454 518 4519 quamquam
539 4435 742 4502 infitiandum
764 4453 827 4502 non
850 4439 899 4502 est
921 4439 1004 4520 apud
1026 4434 1159 4503 Graecos
1181 4435 1214 4501 in
1237 4435 1348 4518 primis

163 4537 245 4622 apud
260 4541 393 4626 tragicos
408 4540 486 4606 satis
502 4540 696 4624 frequentem
718 4558 785 4606 osso
801 4559 895 4606 usum
909 4541 1057 4624 imaginis
1072 4559 1108 4606 ex
1124 4557 1203 4623 equo
1216 4539 1348 4622 potitae,
