3370 5134
672 529 903 594 -121—

292 719 379 784 Haec
400 718 500 802 igitur
522 718 561 784 de
583 717 703 784 catulli
724 717 926 801 imaginibus,
950 735 1026 800 quas
1049 717 1202 782 imitando
1225 719 1376 800 expressit

186 821 326 890 Ovidius.
349 842 422 887 nam
444 821 478 887 ia
503 820 574 886 aliis
589 820 853 887 similitudinibus
868 820 1030 887 Ouidianis
1053 821 1106 886 uir
1121 819 1207 886 certa
1222 821 1375 902 quaedam

187 923 399 1008 deprehendas
437 926 573 1007 vestigia
609 925 797 990 imitationis
835 923 1047 1003 Catullianae‚
1091 923 1152 989 nisi
1189 923 1270 989 forte
1303 941 1375 989 cum

186 1026 350 1110 Zingerleo
372 1030 487 1094 statuis
510 1028 671 1093 Nasonem
704 1031 749 1095 eis
772 1027 891 1094 Catulli
923 1027 1130 1111 imaginibus,
1164 1046 1243 1110 quae
1266 1029 1375 1092 extant

188 1150 215 1197 c.
233 1131 298 1197 VII
313 1132 334 1197 3
349 1151 417 1215 sqq.
441 1137 473 1197 et
496 1150 523 1196 c.
546 1132 618 1196 LXI
641 1129 705 1196 202
722 1150 789 1214 sqq.
813 1132 985 1197 excitatum
1008 1149 1085 1212 esse,
1107 1131 1200 1196 utin
1223 1131 1374 1196 similitu·

186 1235 270 1315 dine,
294 1254 355 1320 qua
369 1255 534 1302 numerum
550 1236 693 1302 dolorum
707 1236 741 1300 in
756 1236 848 1301 exilio
864 1234 1038 1300 illustravit
1053 1234 1150 1300 Trist.
1166 1234 1182 1299 I
1204 1236 1235 1314 5,
1257 1235 1300 1299 47
1316 1252 1374 1318 sq,

185 1340 292 1404 sidera
313 1338 409 1405 simul
430 1357 504 1404 cum
526 1340 654 1423 pulvere
677 1342 847 1406 induceret.
871 1339 898 1405 si
920 1343 1026 1405 autem
1048 1341 1116 1405 tam
1138 1357 1208 1404 rare
1224 1337 1374 1406 Ouidium

184 1443 219 1507 in
243 1443 507 1510 similitudinibus
523 1442 639 1510 Catulli
655 1443 849 1509 imitatorem
865 1443 1005 1509 extitisse
1020 1443 1174 1522 videmus,
1190 1444 1224 1508 id
1240 1441 1372 1508 minime

184 1565 243 1612 nos
258 1546 353 1612 mbos
375 1547 490 1613 habere
505 1547 609 1626 debet,
632 1550 779 1631 quoniam
802 1548 879 1613 haec
899 1547 1024 1630 quidem
1041 1567 1090 1614 ros
1105 1547 1258 1614 facillime
1273 1548 1371 1632 expli·

184 1652 275 1716 catur
292 1669 338 1731 eo,
361 1653 444 1734 quod
459 1651 604 1719 Catullus
627 1655 692 1735 ipse
707 1651 913 1737 paucissimas
936 1654 1065 1719 tantum
1087 1651 1182 1717 babet
1203 1653 1369 1736 imagines.

286 1753 355 1819 Iam
377 1754 418 1820 ad
440 1755 641 1822 Vnuornrnnr
663 1757 863 1822 transeuntes
886 1755 1072 1840 priusquam
1105 1755 1144 1822 ab
1177 1755 1371 1840 imaginibus

183 1874 222 1921 er
243 1857 338 1923 variis
354 1859 545 1926 animalibus
560 1860 668 1942 petitis
685 1860 891 1936 exordiamur,
907 1859 1012 1926 locum
1028 1856 1220 1926 Ouidianum
1234 1862 1371 1928 tractare

182 1958 316 2040 iurabit,
340 1962 395 2026 ubi
416 1983 471 2045 per
494 1963 636 2048 plurium
658 1962 834 2046 imaginum
858 1963 1104 2047 complexionem
1132 1964 1201 2046 pari
1223 1967 1315 2030 modo
1337 1967 1371 2031 et

182 2061 344 2130 Theocriti
378 2071 409 2133 et
433 2067 567 2150 Vergilii
603 2069 740 2134 imitatio
772 2069 940 2150 conspicua
973 2073 1030 2136 est.
1068 2068 1258 2154 quicumque
1286 2069 1370 2136 enim

180 2166 322 2234 fabulam
345 2172 474 2238 Metam.
497 2172 572 2238 libri
586 2173 677 2251 XIII,
700 2172 734 2238 in
750 2191 812 2254 qua
827 2174 865 2238 da
880 2172 978 2238 Acide
995 2173 1027 2237 in
1042 2172 1162 2238 fiumen
1177 2175 1369 2239 commutato

180 2273 307 2358 agitur,
330 2275 519 2360 perlegerit,
542 2277 570 2341 is
594 2277 662 2341 sine
697 2276 790 2341 dubio
813 2276 863 2342 uel
885 2277 1022 2341 maxime
1045 2275 1219 2342 delectatus
1250 2277 1311 2342 erit
1333 2296 1370 2344 ea

180 2375 428 2444 similitudinum
450 2382 695 2462 coacervatione,
719 2397 781 2462 qua
804 2377 934 2446 Ovidius
959 2400 1009 2446 vr.
1033 2379 1096 2444 789
1117 2398 1183 2464 sqq.
1201 2379 1368 2466 Cyclopem

179 2475 347 2547 Galateam
369 2481 453 2548 hunc
476 2482 511 2548 in
532 2485 660 2548 modum
683 2483 914 2566 praedicantem
938 2484 1031 2549 iacit:

388 2593 536 2648 candidior
553 2594 622 2660 solio
639 2594 723 2658 nicei,
743 2593 868 2659 Galatea,
887 2595 1008 2663 lipastri,

312 2681 366 2734 790
382 2679 508 2746 floridior
522 2680 625 2749 protis,
642 2681 727 2750 lonpa
740 2680 888 2749 procerior
905 2683 979 2746 cino,

385 2764 561 2832 splendidior
578 2765 658 2831 citro,
677 2770 770 2820 tenero
788 2766 915 2821 lascivior
932 2766 1027 2834 bocdo,

386 2851 472 2905 lenior
489 2850 608 2905 odsidm
626 2851 736 2906 detritis
753 2869 872 2922 aequore
889 2854 1005 2917 concha,

385 2936 487 2990 solebas
504 2937 633 3002 bibernis,
651 2938 757 2991 aestino
773 2941 879 3008 pratior
895 2940 1001 3004 ambro,

386 3023 504 3078 nobilior
519 3025 623 3092 palma,
636 3025 755 3091 platano
772 3028 943 3096 conspectior
960 3028 1026 3094 olto,

310 3112 366 3164 795
382 3109 503 3164 lucidior
518 3109 614 3179 plocio,
632 3116 746 3165 matura
763 3110 870 3167 dulcior
886 3129 949 3180 nec,

383 3196 491 3250 mollior
508 3202 534 3250 et
551 3197 631 3264 cycni
644 3198 748 3266 plnms
767 3205 792 3252 et
810 3200 880 3254 lacte
898 3206 999 3262 coacto,

385 3288 419 3344 el,
437 3284 464 3337 si
481 3298 539 3338 non
555 3282 656 3353 sapias,
674 3284 756 3352 ripae
773 3283 921 3350 formosior
938 3286 1025 3352 borlo,

382 3370 491 3426 saeuior
507 3369 648 3424 indomitis
666 3369 758 3425 ecdem
781 3371 898 3426 Galatea
914 3372 1045 3439 incensis,

384 3455 483 3510 deorior
500 3471 607 3510 annosa
624 3472 735 3525 querca,
753 3456 881 3522 fallacior
898 3458 988 3522 mades,

311 3545 367 3598 800
384 3543 485 3597 lentior
502 3548 529 3597 et
545 3542 640 3597 salicia
657 3543 744 3612 eirpas
762 3548 788 3598 et
805 3543 905 3597 vitibus
922 3543 1001 3609 albia

383 3627 426 3683 bis
442 3629 600 3683 inmobilior
617 3629 744 3698 scopulis,
760 3630 906 3684 violentior
923 3647 1012 3696 omne,

382 3713 498 3769 landate
513 3731 621 3783 pcoorre
638 3716 790 3783 superbior,
808 3718 903 3772 acrior
919 3718 988 3787 ipni,

381 3800 508 3868 asperior
525 3801 643 3863 tridecim,
659 3802 718 3867 feta
736 3804 922 3859 truculentior
939 3821 1016 3868 arsa,

381 3886 494 3941 surdior
510 3889 685 3956 aequoribus,
702 3891 807 3944 calcato
824 3891 950 3946 inmitior
966 3893 1062 3963 hydro,

308 3974 366 4027 805
383 3978 417 4039 et,
435 3973 509 4042 qnod
522 3976 674 4044 praecipue
690 3977 786 4031 uellem
803 3978 853 4031 tibi
870 3979 976 4034 &mere
990 3996 1103 4048 possem,

382 4075 441 4113 non
458 4067 567 4116 tontnrn
587 4078 664 4116 cerac
682 4064 766 4118 clares
782 4064 931 4120 latratibus
949 4073 1018 4131 octo,

380 4161 476 4200 rernm
492 4148 576 4202 etiam
593 4149 682 4203 oenias
698 4150 857 4219 volucrique
873 4152 999 4223 fnpocior
1016 4155 1106 4208 aare!

175 4242 235 4305 hac
248 4241 460 4324 descriptione
482 4247 550 4310 tota
565 4244 715 4311 Ouidium
731 4248 897 4314 manifesto
912 4249 1069 4317 Theocriti
1084 4256 1239 4335 spectasse
1252 4255 1360 4320 ancto-

175 4344 304 4410 ritatem
325 4344 389 4410 iam
411 4347 491 4412 uidit
507 4347 648 4415 Gebauor
663 4351 696 4414 in
711 4350 803 4430 libro,
820 4371 913 4434 quem
932 4355 979 4420 ‘de
995 4361 1156 4438 poetarum
1173 4355 1359 4424 Graecorum

175 4445 389 4513 bucolicorum
412 4449 445 4514 in
467 4451 577 4532 primis
601 4453 757 4519 Theocriti
780 4457 972 4524 carminibus
994 4459 1029 4522 in
1052 4459 1167 4543 eclogia
1183 4479 1204 4526 a
1218 4460 1359 4545 Vergilio

174 4545 333 4633 expressis'
359 4553 544 4637 conscripsit
565 4575 596 4639 p.
621 4555 683 4622 239
707 4575 773 4642 sqq.
796 4559 860 4642 sed,
885 4561 966 4644 quod
989 4566 1056 4628 erat
1072 4562 1138 4629 eius
1153 4566 1358 4648 propositum,
