3366 5132
609 529 820 592 ..49-

121 715 307 782 credendum
340 719 465 799 poetam
492 717 651 784 verlorum
686 717 943 802 philosophorum
972 718 1154 802 disciplinas
1179 737 1304 803 prorsus

121 821 280 902 ignorasse
309 839 421 902 easque
448 820 532 886 inter
559 840 626 888 sese
653 821 838 888 confudisse.
870 841 943 888 nam
972 824 1158 906 quicumque
1186 843 1215 888 1.
1243 823 1306 888 118

120 924 251 1006 legerit:

328 1015 430 1066 cuncto
447 1009 548 1078 fluunt,
567 1010 709 1078 omnisque
727 1024 830 1080 aequus
847 1010 986 1076 formetur
1003 1012 1103 1082 imuqo,
1159 1049 1162 1054 ·

120 1114 147 1178 ei
170 1116 254 1178 00110
289 1112 363 1180 11100
386 1115 419 1178 in
441 1118 581 1180 mentem
606 1115 709 1180 veniet
731 1115 812 1181 illud
840 1117 1054 1182 Heracliteum
1076 1118 1180 1184 πάντα
1203 1124 1302 1198 χωρεῖ

120 1219 171 1284 καὶ
194 1219 293 1284 οὐδὲν
315 1221 410 1299 μένει.
435 1220 467 1283 01
489 1221 543 1302 qui
565 1224 711 1284 secuntur
733 1237 858 1284 versus:

327 1339 391 1408 ipsu
407 1354 513 1408 quoque
531 1338 642 1394 00010100
660 1338 794 1394 labuntur
811 1343 934 1406 tempora
952 1345 1037 1405 uentu,

327 1439 384 1477 uero
400 1439 477 1478 secas
495 1441 527 1478 uc
544 1425 653 1492 flumen.
672 1439 758 1492 neque
776 1425 849 1478 euim
866 1426 1010 1480 concutere
1026 1426 1129 1493 {lumen

327 1526 376 1564 uec
394 1511 546 1565 lectalecta
560 1515 658 1578 potest.
681 1510 730 1564 ret
748 1516 778 1564 ut
796 1511 876 1564 uada
892 1512 1042 1579 impellitur
1059 1513 1137 1567 caela

326 1603 513 1666 torqueturque
530 1596 623 1650 eudem
641 1597 753 1651 oculeus
771 1604 922 1667 torquetque
935 1600 1067 1666 priorem,

326 1691 449 1752 temporo
466 1684 505 1736 sic
523 1684 636 1751 sapiant
650 1683 761 1750 pariter
776 1685 937 1752 pariterque
954 1691 1085 1738 secuntur

328 1778 353 1824 et
372 1788 444 1826 noua
460 1777 526 1825 saort
543 1786 655 1838 semper.
675 1787 740 1824 eoru
756 1771 829 1839 quod
847 1772 904 1838 fait
921 1778 994 1836 orote,
1013 1772 1138 1826 relictam
1156 1780 1202 1839 est,

326 1859 411 1926 fitque
427 1857 499 1926 quod
516 1857 592 1911 haud
609 1857 714 1923 sumat,
733 1863 921 1926 numerataque
939 1863 1041 1912 cuncta
1058 1865 1207 1928 acuantur,

118 1967 209 2046 plane
245 1963 415 2029 ostendunt
447 1969 571 2047 poetam
605 1964 744 2032 eiusdem
779 1963 956 2048 philosophi
990 1967 1179 2030 sententiam
1215 1965 1306 2032 illam

117 2073 277 2148 ποταμοῖς
300 2069 350 2133 δὶς
373 2072 442 2133 τοῖς
466 2071 577 2134 αὐτοῖς
600 2069 660 2133 οὐκ
683 2069 723 2135 ἂν
752 2070 882 2148 ἐμβαίης
912 2073 986 2132 ante
1015 2069 1121 2134 oculos
1149 2069 1306 2149 habuisse,

117 2191 212 2255 quam
225 2171 403 2236 doctrinam
414 2169 568 2254 Cratylus,
591 2173 743 2256 magister
765 2172 821 2236 1110
836 2171 992 2257 Platonis,
1016 2191 1163 2255 superare
1179 2174 1305 2239 studuit

117 2277 231 2341 docens
254 2294 293 2339 ne
317 2274 414 2340 semel
437 2276 562 2357 quidem
586 2292 642 2340 nos
670 2276 702 2339 in
735 2276 870 2340 eundem
898 2275 1029 2340 fluvium
1058 2278 1174 2342 intrare
1205 2293 1305 2360 posse.

223 2377 256 2444 Si
278 2395 366 2460 porro
390 2376 520 2442 Ovidius
543 2378 616 2443 inde
638 2397 657 2442 a
678 2397 708 2442 1.
732 2378 796 2444 239
818 2397 884 2461 sqq.
908 2381 1057 2461 quattuor
1078 2381 1306 2446 elementorum

116 2485 311 2550 mentionem
335 2482 420 2559 iacit,
444 2479 536 2566 ignis,
559 2482 649 2561 01110,
672 2485 785 2562 101100,
802 2501 911 2565 aquae,
927 2503 943 2548 0
958 2484 1071 2566 quibus
1087 2484 1195 2550 omnia
1210 2502 1306 2567 gene-

116 2592 245 2665 rantur,
269 2604 341 2650 eum
363 2585 562 2666 Empedoclis
595 2584 771 2653 doctrinam
800 2591 957 2670 spectasse
979 2587 1070 2652 facile
1093 2587 1153 2652 tibi
1177 2605 1305 2670 persua-

116 2696 202 2758 deas.
220 2709 294 2756 nam
309 2689 391 2772 quod
408 2689 576 2755 1001110010
591 2690 692 2774 possis
708 2690 919 2774 Pythagoram
935 2708 1056 2772 quoque
1072 2691 1153 2755 10010
1166 2690 1306 2773 Diogene

115 2795 221 2860 Laert.
259 2792 337 2856 VIII
362 2791 389 2868 1,
413 2792 455 2857 25
479 2798 622 2873 στοιχεῖα
655 2792 736 2859 εἶναι
758 2793 894 2872 τέτταρα
916 2793 1067 2872 docuisse,
1101 2797 1176 2872 πῦρ,
1201 2795 1305 2872 ὕδωρ,

115 2903 186 2980 γῆν,
223 2896 318 2976 ἀέρα·
357 2897 561 2976 μεταβάλλειν
584 2899 621 2962 δὲ
643 2898 694 2961 καὶ
716 2898 891 2976 τρέπεσθαι
912 2895 952 2962 δι’
974 2895 1061 2963 ὅλων
1083 2899 1134 2962 καὶ
1156 2897 1305 2973 γίνεσθαι

117 3004 149 3070 ἐξ
176 3002 284 3066 αὐτῶν
306 3001 431 3080 κόσμον
453 3001 599 3081 ἔμψυχον
621 3024 648 3066 κ.
672 3022 698 3064 τ.
723 3002 759 3084 ἕ,
775 3000 856 3065 unde
872 3000 1032 3066 Nasonem
1047 3019 1080 3066 10
1096 3019 1169 3065 1010
1183 2999 1305 3082 Pytna

116 3122 284 3189 goreorum
308 3103 510 3185 disciplinam
534 3106 606 3168 ante
628 3103 731 3170 oculos
754 3103 898 3170 habuisse
927 3102 1017 3169 nobis
1040 3104 1229 3168 censendum
1252 3103 1304 3181 sit,

77 3197 81 3207 ’
116 3210 148 3273 id
172 3207 213 3272 ad
236 3207 364 3272 irritum
385 3208 486 3284 cadit,
516 3207 544 3272 si
566 3207 720 3272 rationem
742 3212 847 3273 tecum
868 3207 1076 3290 reputaveris,
1100 3225 1162 3289 qua
1184 3205 1305 3288 Pytha-

116 3331 211 3396 goras
236 3332 272 3377 ex
295 3309 400 3376 Ovidii
422 3312 603 3377 testimonio
634 3311 739 3377 omnia
761 3311 903 3396 generari
926 3315 959 3376 et
980 3311 1014 3375 in
1043 3330 1075 3376 se
1097 3311 1167 3391 ipse
1190 3308 1304 3373 resolvi

116 3414 263 3480 docuisse
285 3415 413 3481 dicitur.
459 3417 576 3482 etenim
610 3416 638 3481 si
660 3416 752 3497 poeta
783 3404 1004 3497 philosophum
1038 3414 1199 3479 docentem
1229 3411 1304 3476 facit

116 3521 237 3586 terram
261 3521 460 3585 extenuatam
482 3520 569 3585 ablre
590 3519 622 3584 in
645 3537 775 3603 aquam,
800 3537 914 3601 aquam
936 3519 969 3606 in
991 3521 1078 3592 aira,
1102 3521 1176 3580 aira
1199 3513 1304 3596 gravi-

115 3625 185 3688 tate
209 3622 336 3688 sublata
357 3623 392 3687 in
414 3625 530 3709 ignem,
553 3624 687 3706 indeque
710 3625 843 3689 eundem
874 3622 1015 3688 ordinem
1043 3621 1150 3696 retexi,
1184 3616 1306 3682 scilicet

116 3727 225 3811 ignem
250 3726 418 3792 densatum
441 3727 523 3793 verti
545 3727 579 3790 in
601 3731 682 3808 atra,
707 3726 790 3790 hunc
813 3727 846 3790 in
869 3743 991 3807 aquam,
1015 3723 1095 3788 hanc
1117 3721 1251 3802 denique
1273 3719 1305 3786 in

116 3833 247 3907 terram,
271 3849 361 3895 nemo
386 3849 446 3896 non
476 3829 563 3897 videt
591 3829 742 3895 Ovidium
769 3829 849 3896 illud
878 3825 1091 3894 Heracliteum
1120 3825 1202 3890 ὁδὸς
1236 3821 1303 3888 ἄνα

116 3937 205 4002 κάτω
229 3935 293 4015 μίη,
317 3952 381 4016 qua
402 3953 438 3998 ex
461 3933 604 3999 doctrina
626 3932 807 3998 Heraclitus
831 3933 934 3998 omnia
956 3931 1152 3996 extenuando
1174 3927 1208 3992 01
1228 3929 1305 3993 dena,

117 4040 216 4104 sande
240 4036 308 4102 fieri
332 4035 502 4116 contendit,
526 4038 698 4119 exprimere
720 4035 866 4101 voluisse.
891 4053 984 4116 quam
1000 4033 1039 4098 ob
1056 4051 1122 4097 rem
1139 4029 1222 4096 haud
1238 4028 1305 4095 veri

117 4143 223 4208 simile
248 4143 295 4206 001
318 4140 483 4222 Nasonem,
505 4141 533 4206 si
554 4139 769 4224 Pythagoram
793 4157 810 4202 e
833 4139 982 4219 quattuor
1005 4133 1170 4211 elementis
1200 4134 1305 4200 omnia

118 4245 260 4330 generari
283 4243 445 4311 docentem
467 4243 555 4323 10011,
579 4242 671 4308 huius
695 4240 870 4307 doctrinam
903 4242 976 4306 ante
1003 4240 1109 4306 oculos
1140 4236 1306 4332 habuisseq

118 4352 214 4415 immo
240 4365 310 4412 eam
333 4347 534 4429 disciplinam
557 4345 710 4428 respicere
727 4343 859 4422 videtur,
876 4346 962 4408 cuius
978 4345 1085 4408 auctor
1100 4338 1304 4422 Empedocles

118 4453 188 4529 luit,
213 4472 233 4518 a
256 4470 316 4534 quo
338 4453 446 4517 tamen
469 4451 504 4515 in
526 4467 560 4514 eo
582 4447 740 4527 dissentit,
764 4450 856 4531 quod,
880 4466 950 4512 cum
967 4445 1018 4511 hic
1032 4450 1136 4511 ortum
1159 4446 1193 4508 et
1208 4444 1305 4510 inter-

118 4558 198 4622 itum
222 4554 333 4620 mundi
357 4552 490 4620 00111000
512 4572 549 4619 ec
571 4551 775 4619 dissolutione
799 4550 1023 4616 elementorum
1046 4547 1113 4612 fieri
1137 4547 1305 4629 docuisset,

1185 4653 1203 4700 4
