3366 5132
634 534 844 598 ,73..

139 727 230 790 brata
254 741 320 788 sese
343 723 433 788 offert
455 723 531 787 Met.
557 723 602 786 lV
626 723 690 787 439
714 741 791 804 sqq„
823 725 873 787 nbi
903 724 995 805 poeta
1025 722 1150 806 egregie
1179 723 1326 808 Stygiam

139 832 250 894 orbem
273 827 356 891 bunc
377 828 410 890 in
433 827 562 891 modum
586 825 775 890 illustravit:

344 945 418 1001 mille
434 963 525 1014 capon
543 946 639 1000 aditus
657 952 682 1000 et
700 953 814 1014 opertos
831 947 954 1014 audique
968 953 1068 1015 portas

346 1034 412 1088 urbs
429 1034 518 1100 babet,
536 1039 620 1102 utque
637 1033 742 1099 fretum
761 1033 795 1087 de
812 1038 870 1086 toto
890 1035 1007 1100 fluriiioc
1024 1040 1108 1098 terra,

346 1121 385 1172 sie
402 1135 493 1174 curaer
510 1121 618 1173 caimos
637 1121 712 1174 loeus
730 1122 832 1188 occipit
849 1122 902 1185 ille,
922 1138 972 1175 uec
989 1122 1041 1174 ulli

345 1208 459 1276 enipeus
473 1208 578 1276 populo
596 1213 643 1272 est,
663 1208 804 1262 turbamve
824 1209 951 1262 accedere
968 1210 1057 1262 sentit.

136 1334 232 1398 quam
265 1313 505 1380 similitudinem
539 1315 696 1398 integram
730 1315 799 1380 ideo
831 1317 976 1398 adposui,
1007 1319 1043 1380 ut
1076 1315 1318 1388 animadvertas,

136 1437 232 1502 qnam
266 1419 390 1500 penitus
425 1416 554 1484 Ovidius
588 1437 655 1484 sese
688 1418 895 1486 insinuaverit
930 1422 967 1484 ad
1003 1420 1067 1484 vim
1102 1420 1190 1484 illins
1225 1418 1322 1482 maris

137 1523 368 1605 descriptionis,
385 1521 498 1605 quippe
514 1540 608 1605 quam
624 1524 691 1587 tam
709 1523 843 1588 feliciter
858 1525 890 1588 in
907 1542 998 1588 usum
1014 1541 1107 1589 suum
1122 1522 1323 1602 converterit,

138 1633 174 1691 ut
197 1628 236 1691 ab
260 1627 344 1691 omni
365 1627 454 1708 parte
483 1626 623 1708 perfecta
652 1630 746 1710 atque
775 1629 930 1710 perpolita
965 1628 1104 1692 extiterit
1137 1626 1322 1691 similitudo.

139 1750 213 1796 nam
237 1750 285 1796 res
306 1748 439 1813 quoque,
464 1749 541 1812 quae
563 1730 622 1795 hac
651 1733 746 1796 maris
774 1731 981 1813 descriptione
1008 1731 1194 1808 illustratur,
1223 1731 1323 1811 ipsam

139 1835 310 1920 imaginem
332 1837 455 1917 spectat
479 1837 572 1916 atque
593 1837 632 1900 ad
657 1836 723 1900 eius
747 1853 888 1902 normam
912 1836 1004 1900 -ut
1026 1837 1072 1901 ita
1094 1836 1197 1916 dicam
1214 1836 1322 1900 -vel

138 1940 292 2004 rationem
325 1939 471 2002 instituta
506 1941 568 2019 est,
602 1939 749 2020 quoniam
783 1940 920 2020 exeeptis
954 1939 1083 2003 vocibus
1118 1938 1256 2004 ‘animas’
1290 1943 1324 2004 et

141 2042 274 2126 ‘populo'
297 2041 404 2106 omnia
416 2041 537 2125 reliqna
561 2040 653 2106 verbe
668 2043 788 2122 optime
803 2044 961 2125 quadrant
976 2045 1076 2126 ipsam
1091 2044 1124 2107 in
1139 2042 1320 2125 imaginem,

138 2147 240 2211 veluti
263 2146 341 2211 illud
366 2149 542 2210 extremum
570 2146 638 2209 ‘non
661 2145 757 2210 sentit
780 2145 905 2210 turbam
931 2146 1085 2210 accedere’
1104 2146 1238 2227 perbene
1255 2147 1322 2229 ipso

137 2250 174 2315 de
197 2251 279 2315 mari
303 2249 365 2314 dici
388 2251 500 2332 potest,
526 2250 695 2314 dummodo
718 2250 852 2315 addatur
877 2249 1073 2316 bominum.

242 2353 301 2419 Sed
316 2371 377 2418 non
395 2355 498 2419 minus
510 2355 663 2437 sagaciter
676 2354 805 2418 eandem
823 2355 921 2418 maris
937 2355 1178 2435 descriptionem
1192 2353 1323 2420 Ovidius

134 2458 236 2523 altero
259 2459 337 2533 loco,
362 2458 415 2539 qni
440 2458 527 2523 extat
550 2457 625 2523 Met.
651 2459 730 2523 Vlll
754 2459 817 2522 835
833 2477 910 2540 sqq„
934 2459 1088 2532 adhibuit,
1106 2459 1158 2524 ubi
1175 2459 1322 2542 Erysich-

134 2563 242 2627 tbonis
266 2562 374 2639 fames,
398 2580 476 2644 quae
500 2562 596 2626 nullis
626 2564 785 2644 expleatur
808 2563 925 2644 epulis,
958 2563 1013 2626 sed
1036 2580 1158 2644 semper
1191 2568 1320 2642 crescat,

103 2711 106 2720 ,
133 2667 184 2730 his
209 2667 332 2730 duabns
356 2665 534 2730 illustratur
558 2666 839 2730 similitudinibus:

344 2792 427 2855 utque
443 2787 546 2852 fretum
564 2786 663 2853 recipit
682 2786 715 2839 de
733 2791 792 2838 totc
810 2788 927 2854 fiumina
945 2792 1020 2839 terra

343 2890 392 2927 uec
409 2875 529 2927 sotiatur
543 2873 623 2940 aquis
637 2873 852 2942 peregrinosque
870 2873 952 2926 ebibit
970 2889 1073 2938 omues,

344 2967 427 3029 utque
444 2977 535 3027 rcpccc
552 2962 626 3029 ipsuis
644 2977 701 3013 iiiia
719 2977 848 3028 umquam
867 2962 1000 3013 alirricrcto
1018 2966 1126 3014 recusat

343 3049 558 3114 incurrerasqae
577 3047 666 3100 trabes
685 3053 788 3100 crearat
807 3053 840 3110 et,
859 3063 912 3115 quo
931 3047 1008 3113 copie
1028 3047 1118 3099 maior

342 3139 382 3187 est
400 3133 475 3196 dote,
492 3134 576 3200 plara
591 3135 663 3201 petit
681 3133 813 3201 turbaque
831 3134 956 3187 voracior
972 3134 1036 3200 ipsc
1055 3139 1108 3186 est:

343 3221 383 3274 sic
401 3221 497 3288 epulas
514 3235 606 3274 ornnes
625 3220 834 3289 Erysichthonis
852 3233 903 3272 oro
918 3220 1037 3288 proferri

343 3309 484 3376 occipiunt
499 3313 670 3375 poscuntque
687 3307 776 3359 circat.

135 3413 250 3494 quibus
265 3411 298 3476 in
320 3412 513 3496 imaginibus
529 3429 591 3476 non
607 3411 712 3475 minus
729 3430 779 3476 ars
795 3416 827 3476 et
843 3411 918 3476 lima
934 3411 1067 3476 auctoris
1083 3412 1264 3494 agnoscitur
1280 3447 1322 3459 -

137 3517 164 3579 si
180 3516 307 3607 omnino
323 3518 407 3599 apud
423 3521 559 3599 poetam,
575 3516 678 3598 qualis
695 3514 824 3582 Ovidius
848 3518 924 3593 erut,
949 3515 1078 3580 delimo
1093 3515 1223 3598 cogitari
1239 3514 1322 3580 licet.

137 3635 210 3684 nam
234 3621 327 3702 probe
349 3621 549 3704 perspiciens,
574 3631 668 3702 quam
691 3621 757 3684 rim
780 3619 951 3684 alliteratio
967 3619 999 3682 in
1015 3619 1148 3683 lectores
1166 3622 1321 3697 exerceat,

136 3723 238 3803 ipsam
261 3741 327 3788 rem
351 3742 410 3788 non
435 3724 539 3788 solum
573 3723 751 3788 litterarum
786 3742 870 3799 sono,
905 3741 1012 3788 verum
1036 3723 1131 3786 etiam
1154 3721 1210 3787 illo
1233 3741 1325 3788 orna·

136 3829 245 3891 mento
267 3826 408 3891 adhibito
430 3827 550 3909 optime
572 3827 770 3912 significavit.
795 3828 822 3893 si
849 3845 918 3892 rero
934 3825 1064 3892 Ovidius
1086 3827 1153 3890 tam
1176 3843 1322 3908 prospere

136 3929 308 4013 imaginem
331 3949 347 3994 e
370 3932 465 3996 maris
488 3935 603 3996 natura
626 3933 759 4015 petitam
783 3932 942 3996 coniunxit
964 3948 1036 3995 cnm
1053 3930 1263 3995 similitudine
1286 3947 1323 3994 ex

137 4032 221 4114 ignis
244 4033 277 4096 vi
299 4034 393 4116 atque
428 4039 540 4100 natura
562 4037 753 4118 deprompta,
776 4035 834 4100 hac
850 4034 882 4098 in
899 4054 931 4100 re
946 4036 1037 4118 poeta
1058 4035 1241 4117 neutiquam
1256 4035 1324 4099 sine

136 4136 242 4219 aliqua
254 4135 437 4203 incitatione
451 4137 548 4203 foisse
560 4141 717 4221 putandus
730 4147 786 4216 est,
804 4139 900 4203 immo
914 4158 985 4203 eum
999 4138 1082 4203 hanc
1095 4139 1133 4202 ad
1146 4139 1322 4220 imaginum

136 4239 365 4322 copulationem
376 4241 460 4307 idem
468 4241 604 4306 Lucretii
616 4242 701 4307 locus
714 4261 809 4325 supra
821 4244 987 4307 adnotatus
997 4243 1179 4306 excitarisse
1188 4243 1321 4320 videtur,

137 4344 246 4423 utpote
269 4361 341 4407 cum
364 4343 480 4409 ibidem
505 4343 600 4410 maris
624 4345 792 4426 descriptio
821 4345 932 4409 statim
965 4363 1001 4408 ea
1029 4345 1209 4426 excipiatur,
1243 4363 1322 4427 quae

137 4446 176 4510 ad
193 4446 314 4511 Aetnae
337 4448 452 4513 montis
475 4449 653 4531 eruptiones
677 4448 824 4531 pertinet.
849 4468 922 4514 nam
944 4466 1016 4513 cum
1032 4446 1196 4513 Lucretius
1212 4447 1321 4529 causis,

138 4567 192 4612 cur
215 4567 301 4613 mare
325 4571 361 4616 ex
384 4555 432 4617 tot
456 4553 678 4635 tantorumque
701 4552 868 4617 fluminum
890 4552 1039 4617 effusione
1066 4552 1206 4617 insuam
1230 4569 1322 4616 vora·
