3366 5132
653 546 864 612 „91-

294 737 349 788 187
368 723 407 787 ae
420 733 469 786 tibi
486 734 522 787 sit
538 731 622 799 frudi
639 733 711 802 quod
728 749 778 788 uos
796 735 909 801 inferne
927 734 1049 789 uidemus

368 836 451 888 quom
469 821 524 874 siut
541 821 601 874 toto
619 821 703 891 moqts
720 837 803 890 quom
820 835 931 876 sursunt
949 827 1075 876 mamea
1092 821 1160 890 quid
1179 825 1283 876 ostent.

296 909 349 960 194
367 911 426 960 tutu
439 907 544 974 potetis
560 922 675 978 moquos
691 908 774 961 uates
792 921 952 978 eoquosoere
970 923 1064 962 earum

370 993 567 1062 speluncasque
586 993 624 1047 ved
642 999 675 1048 ut
692 993 768 1047 souis
783 993 964 1062 peudeutibu'
981 999 1102 1048 structas

371 1094 491 1146 seruere,
509 1095 578 1147 quas
596 1081 673 1134 uenti
690 1095 751 1133 oum
770 1084 926 1148 tempestate
944 1085 1037 1135 coorto

370 1167 545 1234 conpletum,
563 1183 661 1236 uaquo
679 1167 867 1236 iustiquautur
885 1181 1023 1220 murmure
1040 1167 1128 1220 atause'

369 1251 496 1316 madibus
514 1252 545 1305 iu
563 1252 703 1320 caveisque
720 1252 845 1319 ferorum
862 1267 937 1306 more
954 1253 1109 1320 utunutur,

371 1353 449 1393 uuue
465 1338 531 1392 ttius
549 1354 624 1393 uuae
641 1338 721 1393 illiue
737 1339 866 1405 fremitus
880 1355 934 1406 per
951 1338 1050 1392 autito
1067 1339 1194 1403 minuat,

370 1429 585 1495 quaerentesque
603 1426 676 1480 uam
694 1425 797 1480 ursum
814 1430 961 1480 versantur
984 1465 989 1476 .
1017 1461 1026 1479 .
1051 1461 1060 1479 .

164 1529 281 1596 etenim
304 1532 343 1596 ad
366 1550 434 1597 enm
457 1533 584 1615 duobus,
601 1531 792 1616 imaginibus
815 1551 880 1598 sese
902 1532 1072 1615 adplicavit
1094 1531 1188 1612 Naso,
1211 1535 1349 1616 primum

163 1651 234 1699 eum
257 1635 335 1700 Met.
359 1635 405 1700 IV
428 1636 489 1702 621
507 1654 574 1719 sqq.
590 1635 697 1701 Persei
723 1637 873 1712 volatum,
897 1637 950 1718 qui
974 1635 1074 1702 ventis
1091 1635 1348 1704 dissentientibus

164 1756 221 1820 per
245 1742 369 1804 vastum
392 1745 464 1805 aira
486 1741 631 1819 trahitur,
655 1739 739 1804 buno
761 1739 795 1805 in
818 1742 945 1806 modum
969 1740 1159 1805 illustravit:

370 1859 436 1914 iude
449 1875 502 1928 peu
520 1861 682 1915 iumeusuu
699 1861 787 1915 ueutis
805 1861 976 1916 discordibus
994 1867 1073 1916 aetus

367 1961 443 2000 uuae
459 1947 513 2000 hue
530 1963 607 2000 auae
625 1946 691 2002 attus
709 1948 833 2015 exempto
852 1949 934 2002 aubis
952 1964 1070 2017 aquosae

369 2033 465 2099 fertur
483 2037 509 2086 et
526 2049 562 2086 eae
579 2033 636 2086 olto
653 2032 780 2087 seductos
798 2033 904 2087 aethere
922 2033 1002 2104 touqe

370 2119 508 2188 despectat
526 2125 618 2174 terras
635 2125 774 2188 toteuaque
791 2121 949 2189 supervolat
966 2121 1066 2186 orbem,

165 2224 277 2290 deinde
302 2244 372 2290 oum
395 2245 430 2291 ex
453 2229 489 2291 P.
514 2227 559 2291 IV
583 2226 613 2310 7,
637 2228 678 2290 23
702 2245 747 2309 sq.
764 2227 862 2291 situm
878 2245 915 2292 ae
931 2231 1078 2292 naturam
1094 2226 1180 2292 urbis
1197 2227 1347 2311 Aegypsi‚

165 2345 243 2411 quoe
268 2348 286 2392 a
311 2329 430 2394 Vestali
454 2334 628 2414 expugnata
650 2336 709 2409 est,
733 2333 791 2394 bae
813 2331 980 2395 adumbret
1002 2331 1158 2414 imagine:

369 2466 442 2514 uam,
462 2450 584 2513 dubium,
599 2451 695 2518 positu
714 2451 812 2504 metius
830 2449 947 2516 defensa
964 2466 1093 2515 manuue,

420 2536 486 2590 urbs
502 2543 560 2591 erat
578 2539 610 2592 ia
628 2554 733 2592 summo
751 2537 872 2591 uubtbus
890 2553 978 2606 aequa
996 2538 1068 2608 iupa.

164 2659 225 2723 quo
247 2623 281 2706 in
304 2661 337 2706 re
360 2642 498 2707 conferas
528 2621 586 2708 iile
616 2620 766 2726 ‘exemplo
795 2620 888 2706 nubis
917 2658 1048 2724 aquosae
1077 2660 1132 2724 per
1159 2642 1350 2706 immensum

163 2745 264 2810 ventis
289 2743 484 2810 discordibus
509 2735 607 2810 setus'
631 2747 776 2823 cumeis,
802 2762 881 2827 quse
905 2747 985 2827 apud
1000 2744 1183 2809 Lucretium
1201 2745 1349 2827 leguntur

161 2837 247 2914 ‘oum
258 2847 368 2913 nubite
380 2848 548 2930 portabunt
561 2851 647 2914 venti
662 2841 840 2914 transversa
855 2869 910 2932 per
926 2847 1037 2926 auras’,
1055 2849 1087 2912 et
1101 2847 1159 2912 illa
1173 2847 1215 2912 ‘in
1227 2865 1349 2911 summo

163 2950 302 3016 nubibus
325 2967 424 3034 aequa
445 2944 531 3036 iugo’
553 2971 624 3016 eum
644 2952 838 3018 Lucretianis
863 2952 1077 3036 permagnos
1100 2953 1216 3017 montis
1240 2967 1350 3017 eumu-

164 3054 231 3120 lsta
253 3055 382 3120 nubilo’.
408 3055 541 3121 eonoedo
566 3058 707 3139 equidem
730 3056 864 3122 alteram
887 3056 1062 3140 imaginem
1089 3057 1128 3130 ab
1151 3051 1260 3120 Ouidio
1284 3056 1348 3137 ipsa

165 3157 321 3242 profioisoi
343 3157 492 3242 potuisse,
521 3160 576 3224 sed
599 3178 669 3225 eum
692 3161 795 3242 priore
818 3163 887 3226 loeo
909 3145 1049 3226 Luetetii
1084 3163 1192 3242 aperte
1225 3160 1350 3224 secutus

164 3262 207 3327 sit
231 3261 377 3347 vestigia,
401 3263 482 3328 haud
506 3281 524 3328 a
547 3261 612 3330 reri
636 3263 737 3346 speeie
759 3263 906 3328 abhorret
922 3281 993 3328 eum
1016 3263 1116 3329 altera
1140 3263 1235 3328 etiam
1258 3263 1352 3326 huius

165 3366 305 3449 exemplo
329 3369 368 3432 sd
390 3368 563 3451 imaginem
585 3367 676 3432 illurn
700 3369 946 3450 componendam
970 3367 1141 3432 exoitetum
1164 3385 1241 3432 esse.

268 3469 398 3536 Ovidius
432 3474 592 3552 praeterea
627 3471 764 3538 eiusdem
794 3471 868 3535 libri
898 3469 1076 3535 Lucretiani
1107 3469 1206 3536 alium
1229 3488 1350 3553 quoque

163 3575 279 3652 laeum,
316 3575 370 3656 qui
392 3576 485 3658 poulo
509 3575 676 3652 antecedit,
712 3576 887 3640 imitatione
922 3575 1084 3656 expressit.
1108 3574 1142 3638 in
1165 3573 1240 3639 Met.
1265 3577 1349 3639 enim
1460 3598 1462 3602 ¹

162 3678 185 3742 l.
201 3676 305 3744 X731
323 3695 390 3762 sqq.
409 3676 560 3745 Adonidis
576 3695 727 3755 eruorem,
743 3677 796 3760 qui
812 3678 845 3741 in
862 3677 967 3742 florem
991 3695 1181 3760 purpureum
1197 3677 1351 3757 mutetur,

165 3782 328 3864 comparet
351 3799 423 3847 eum
447 3781 533 3848 bulla
555 3783 713 3866 perlucida
735 3782 821 3848 eaelo
845 3781 951 3866 pluvia
975 3779 1121 3847 excitata:

581 3942 587 3957 .
633 3941 639 3954 .
685 3941 691 3956 .
730 3905 769 3959 ste
785 3903 849 3968 fata
868 3918 991 3958 eruorem

229 4041 231 4046 .
317 3985 339 4046 ff
359 3983 482 4044 'uectore
500 3990 615 4052 odorato
632 3991 752 4060 sparqit:
771 3990 819 4059 qut
836 3995 925 4044 taetus
943 3989 978 4044 ab
996 3991 1045 4044 illo
1111 4042 1114 4050 ,

296 4147 298 4152 Α
341 4143 344 4154 ¹
369 4078 504 4130 tutuuue't
522 4077 561 4131 sio
579 4083 610 4131 ut
625 4075 721 4145 pluuia
740 4075 886 4153 perstuoida
905 4074 978 4130 coeto

332 4191 337 4202 ·
371 4179 483 4234 suaqere
502 4163 577 4217 buttes
594 4164 670 4218 solet.
727 4201 729 4204 -

165 4285 260 4358 quam
279 4245 453 4352 ‘imaginem
476 4273 640 4334 mutuatus
663 4269 711 4334 est
735 4267 820 4333 Neso
843 4287 860 4332 e
883 4283 913 4335 v.
939 4265 1000 4332 teo
1022 4285 1091 4350 sqq.
1116 4267 1256 4332 eiusdem
1278 4267 1350 4334 libri

165 4370 355 4446 Lueretioni,
378 4373 431 4437 nbi
460 4371 552 4438 nubis
585 4373 687 4436 ventis
711 4370 825 4436 saissne
859 4370 965 4455 tragos
996 4371 1171 4466 expliontur
1203 4371 1351 4450 resinata,

165 4491 259 4556 quoe,
299 4473 443 4557 quamuis
484 4492 582 4557 parve
619 4475 678 4554 sit,
718 4477 824 4539 temen
862 4473 1001 4557 displosa
1041 4471 1191 4557 magnum
1231 4474 1365 4540 emittit*

166 4596 290 4646 sanum:
1156 4595 1157 4600 ’
