3366 5132
827 507 1038 571 ..14-

341 695 424 764 euim
442 696 500 763 Od.
517 721 526 763 ι
546 699 609 762 292
623 717 668 780 sq.
688 697 852 783 Cyclopem
865 697 965 764 Ulixis
976 697 1074 772 socios
1090 698 1292 764 devorantem
1307 699 1366 764 hac
1379 698 1522 764 illustrat

342 799 566 866 similitudine:
655 859 658 864 .
1033 863 1035 870 ,

547 922 628 987 ἤσθιε
648 924 672 975 δ’
692 923 767 976 ὥστε
786 922 862 976 λέιυν
880 920 1078 991 όρεσλτροφος,
1097 921 1157 974 οὐδ’
1176 921 1335 988 ἀπέλειπεν,

546 1007 663 1072 ’έγκατά
681 1024 714 1062 τε
732 1009 843 1086 σάρκας
856 1023 889 1062 τε
906 1010 953 1060 καί
970 1008 1059 1064 ὀστέα
1080 1009 1246 1072 μυελόεντα.

343 1111 473 1176 eandem
506 1112 675 1196 imaginem
698 1114 735 1178 de
758 1111 889 1197 Cyclope
921 1112 1021 1180 Ulixis
1050 1114 1148 1180 socios
1172 1113 1338 1179 devorante
1361 1111 1524 1196 usurparit

343 1212 472 1278 Ovidius
496 1212 572 1279 Met.
595 1215 672 1280 XIV
694 1215 757 1280 207
781 1235 865 1300 sqq:

548 1350 608 1388 cum
625 1335 785 1404 superique
802 1336 895 1389 iaceas
912 1335 1016 1388 hirsuti
1032 1349 1106 1388 more
1124 1335 1211 1389 ieonis

546 1422 702 1490 visceraque
721 1427 748 1475 et
765 1437 862 1476 carnes
880 1437 993 1490 comque
1011 1421 1082 1475 albis
1101 1437 1162 1476 ossa
1180 1421 1306 1475 medullis

548 1508 769 1575 semianimesque
786 1513 864 1560 artus
882 1506 991 1561 auidam
1009 1506 1142 1561 accedebat
1160 1507 1192 1561 ia
1209 1509 1309 1562 aluum.

343 1609 457 1691 quibus
480 1611 513 1675 in
536 1613 728 1696 imaginibus
764 1631 870 1679 omnes
893 1617 1000 1695 partes
1033 1614 1072 1679 ad
1095 1614 1225 1679 verbum
1259 1614 1326 1679 fere
1347 1612 1432 1678 inter
1453 1629 1522 1679 seso

343 1717 540 1796 respondent.
563 1736 602 1780 ne
618 1717 687 1801 quis
703 1721 809 1782 autern
825 1717 970 1798 opinetur
985 1714 1135 1782 Ovidium
1150 1716 1253 1782 verbis
1271 1716 1384 1781 ‘carnes
1399 1714 1526 1781 avidam

343 1818 494 1883 condebat
527 1819 559 1884 in
594 1820 710 1885 alvum’
741 1820 872 1884 Homeri
910 1820 1037 1885 uerbum
1067 1820 1161 1900 ἤσθιε
1195 1818 1365 1902 speciosius
1398 1819 1526 1886 reddero

344 1920 488 2002 voluisse,
513 1923 655 1988 conferat
678 1920 735 1988 0u.
760 1943 769 1986 ι
792 1921 855 1987 296
877 1941 933 2005 sq:

550 2043 641 2111 αύτόρ
660 2043 721 2097 ἐπεὶ
741 2043 864 2110 Κύκλωψ
884 2044 1011 2109 μεγάλην
1029 2041 1193 2109 ἐμπλήσατο
1211 2043 1311 2110 νηδύν,

550 2127 696 2196 ἀνδρόμεα
715 2130 773 2198 κρέ’
792 2130 867 2183 ἔδων
890 2167 897 2182 .
926 2167 932 2180 .
960 2166 968 2182 .

344 2231 418 2296 haec
441 2230 525 2297 enim
547 2233 644 2298 verba
658 2233 817 2300 Nasonem
840 2238 913 2300 ante
935 2234 1040 2300 oculos
1055 2233 1201 2299 habuisse
1224 2233 1256 2297 in
1278 2237 1443 2316 propatulo
1467 2238 1526 2301 est.

447 2337 553 2402 Tertia
567 2337 667 2403 leonis
683 2339 786 2422 imago
801 2336 957 2404 Ouidiaua
972 2336 1061 2403 nobis
1078 2337 1213 2402 occurrit
1229 2336 1315 2401 Fast.
1333 2338 1445 2404 11209
1467 2358 1526 2422 sq.,
1619 2377 1621 2384 ·

344 2437 398 2503 ubi
421 2441 512 2521 poeta
534 2441 705 2507 Fabiorum
727 2461 865 2526 pugnam
890 2462 961 2508 cum
983 2441 1151 2526 Tyrrhenis
1174 2440 1334 2507 describit.
1369 2442 1419 2507 illi
1441 2443 1526 2509 enim

344 2542 459 2626 gladiis
481 2544 606 2610 nudatis
629 2546 772 2610 seruntur
794 2564 847 2629 per
876 2544 1004 2610 turbam
1032 2545 1225 2628 Tyrrhenam
1254 2548 1379 2612 strenuo
1407 2546 1528 2612 Marto:

548 2681 604 2718 ιιοιι
622 2665 714 2733 aliter,
733 2682 815 2734 qoem
833 2682 894 2720 cum
912 2666 1018 2735 Libyca
1037 2665 1071 2720 de
1089 2681 1159 2733 rupe
1177 2665 1267 2718 leones

600 2751 740 2806 invadunt
757 2767 867 2821 sparsos
885 2753 945 2806 iota
960 2768 1014 2821 per
1031 2768 1101 2839 αισα
1118 2767 1219 2822 greges.

346 2874 408 2938 qua
423 2856 678 2922 insimilitudine
695 2857 916 2924 conscribenda
930 2862 1040 2940 poetae
1056 2859 1089 2923 in
1102 2862 1241 2923 mentem
1254 2860 1372 2924 venisse
1385 2859 1525 2944 suspicor

347 2957 384 3021 II.
409 2980 433 3022 π
456 2957 520 3024 352
535 2977 612 3042 sqq,
636 2961 691 3024 ubi
707 2961 810 3026 Danai
832 2962 866 3025 in
882 2963 1029 3028 Troianos
1045 2963 1220 3028 vehementi
1235 2962 1355 3045 impetu
1371 2963 1525 3029 irruentes

346 3061 551 3127 conferuntur
568 3082 638 3128 cum
652 3064 734 3146 lupis
749 3065 783 3128 in
800 3083 896 3147 agnos
911 3065 1113 3141 trruentibus,
1129 3065 1162 3130 αἱ
1178 3066 1212 3131 ἐν
1227 3063 1363 3145 ὄρεσσιν
1374 3069 1526 3145 ποιμένος

345 3164 524 3251 ἀφραδίῃσι
539 3167 710 3247 διέτμαγεν.
721 3172 880 3250 praeterea
895 3169 1061 3234 conferatis
1074 3187 1195 3253 quoque
1203 3169 1332 3234 Homeri
1343 3169 1526 3254 imaginem,

345 3287 425 3351 quae
448 3271 534 3335 extat
557 3271 595 3335 II.
620 3293 635 3336 ε
657 3271 722 3336 554
745 3290 790 3354 sq.

447 3372 551 3459 Magis
573 3392 691 3438 memor
713 3374 807 3440 fuisse
823 3375 947 3440 videtur
962 3374 1094 3446 Ouidius
1117 3376 1183 3441 eius
1199 3375 1269 3455 Ioci,
1293 3393 1353 3459 quo
1368 3377 1522 3444 Homerus

345 3477 431 3542 Pelei
463 3477 565 3543 fiIIum
598 3479 735 3544 Patrocli
768 3481 901 3545 mortem
937 3480 1118 3561 querentem
1151 3480 1347 3562 gemitusque
1381 3481 1526 3547 edentem

346 3579 422 3645 facit
444 3580 482 3646 ΙΙ.
505 3598 529 3647 σ
550 3581 613 3646 318
636 3602 719 3665 sqq:

912 3687 988 3740 ὥστε
1006 3688 1047 3749 λὶς
1065 3685 1218 3752 ήύγένειος,

554 3771 578 3838 ᾧ
597 3771 633 3837 ῥό
653 3772 677 3823 θ’
696 3772 752 3826 ύπό
771 3773 915 3836 σκύμνους
934 3772 1113 3838 ἐλαφηβόλος
1131 3771 1246 3839 ἁρπάσῃ
1266 3770 1340 3838 ἀνὴρ

553 3858 623 3923 ὕλης
642 3858 674 3911 ἐκ
691 3863 822 3923 πυκινῇς·
845 3859 861 3911 ό
882 3858 913 3910 δέ
931 3857 956 3912 τ’
975 3859 1096 3924 ἄχνυται
1113 3859 1233 3925 ὕστερος
1251 3857 1352 3925 ἐλθών,

549 3943 648 4016 πολλύ7
659 3944 690 3996 δέ
708 3947 733 3997 τ’
751 3946 829 4010 ἄγκε’
846 3945 951 4010 ἐπῆλθε
970 3946 1030 4009 μετ’
1047 3944 1148 4012 ἀνέρος
1165 3943 1229 4010 ἴχνι’
1247 3944 1382 4013 ἐρευνῶν,

552 4028 579 4082 εἴ
595 4031 683 4084 ποθεν
702 4031 823 4100 ἐξεύροι·
847 4031 923 4098 μάλα
940 4032 995 4099 γὰρ
1016 4032 1114 4099 δριμύς
1131 4031 1215 4097 χόλος
1234 4028 1315 4098 αἱρεῖ.

346 4151 419 4198 nam
437 4133 513 4198 Met.
529 4133 610 4199 XIII
627 4135 690 4201 547
708 4155 752 4219 oq.
776 4137 869 4221 idque
884 4137 985 4204 multo
1008 4136 1113 4220 aptius
1129 4135 1292 4201 Hecubam
1313 4134 1372 4200 filii
1395 4138 1528 4201 mortem

346 4236 484 4301 ulturum
508 4238 626 4304 confert
649 4258 718 4305 cum
742 4242 851 4307 leaena
873 4240 995 4305 furente
1020 4240 1123 4305 catulo
1146 4239 1285 4305 lactante
1306 4239 1424 4323 orbato,
1448 4258 1527 4322 quse

346 4341 489 4424 vestigiis
510 4344 623 4426 pedum
647 4342 782 4428 cognitIs
805 4345 946 4428 sequitur
968 4343 1107 4408 hostem:

552 4467 638 4531 utque
648 4463 726 4527 furii
743 4465 836 4519 octuio
854 4465 971 4519 lactente
988 4465 1087 4519 orbata
1103 4464 1202 4518 ieoeooa

550 4549 681 4618 siqauque
699 4557 783 4606 nacto
799 4551 901 4619 pedum
919 4551 1050 4620 sequitur,
1068 4566 1147 4619 quem
1164 4565 1219 4606 υοιι
1237 4549 1319 4615 uidet,
1338 4548 1448 4605 boetem.
