3366 5132
633 533 845 600 -75..

145 723 218 803 apte
254 722 407 788 collocata
441 725 515 786 snnt
550 723 632 786 inter
666 741 714 786 res
739 721 838 786 multo
862 720 963 802 magis
983 721 1184 786 coniunctas:
1219 739 1334 785 namu

144 826 404 891 terraemotibus
428 825 620 890 commodius
643 828 681 890 ad
706 827 827 890 Aetnae
851 825 965 890 montis
982 824 1158 906 eruptiones
1174 843 1268 906 qnam
1291 823 1331 888 ad

145 929 242 993 maris
265 928 491 994 continentiam
514 931 677 996 transitur.
702 948 780 1013 qnae
797 931 929 994 comita
947 928 1028 1006 sint,
1046 928 1094 996 ita
1110 929 1212 1012 pergit
1227 926 1330 994 Lach-

146 1049 292 1111 mannus,
319 1031 419 1098 ‘facile
442 1034 544 1098 estad
568 1034 816 1116 cognoscendum
841 1051 879 1096 ne
902 1032 954 1097 hic
970 1033 1095 1114 quidem
1115 1031 1254 1097 Lucretio
1279 1051 1333 1114 per

144 1135 250 1201 fatum
273 1136 398 1202 licuisse
431 1154 544 1219 poema
570 1155 663 1202 snum
686 1137 848 1203 absoluere
882 1137 1008 1218 eiusque
1042 1141 1149 1217 partes
1184 1136 1215 1199 et
1248 1141 1332 1201 recte

146 1240 306 1323 disponere
341 1244 372 1305 et
406 1247 478 1324 apta
511 1242 657 1306 iunctura
690 1242 773 1306 inter
799 1259 831 1305 se
855 1241 1029 1306 conectere.
1052 1244 1145 1324 atque
1167 1239 1200 1302 id
1224 1239 1273 1303 vel
1296 1257 1333 1302 ex

144 1345 204 1408 boc
227 1343 410 1428 intellegere
434 1362 607 1427 possumus,
632 1345 724 1427 qnod,
750 1361 821 1408 oum
845 1363 873 1408 v.
898 1343 941 1407 50
963 1343 1002 1408 ad
1026 1343 1099 1406 libri
1122 1343 1222 1407 totins
1238 1360 1333 1426 argu-

145 1454 287 1513 mentum
317 1447 485 1530 respiciens
513 1448 643 1513 dixisset
676 1452 778 1512 celero
800 1467 880 1528 qccc
902 1446 975 1529 {ieri
996 1447 1033 1510 la
1062 1447 1156 1510 terris
1185 1447 1333 1528 coeloque

145 1556 276 1616 tueatur
304 1552 470 1630 mortales,
504 1556 611 1635 postea
634 1555 741 1618 antem
765 1573 792 1618 v.
817 1552 859 1618 83
882 1556 914 1617 et
937 1551 979 1617 84
1001 1551 1080 1616 nibil
1102 1551 1164 1615 nisi
1186 1554 1333 1632 perturpe

146 1655 350 1738 promisisset,
383 1659 490 1720 mmon
523 1657 572 1720 bis
606 1657 804 1740 pertractatis
836 1675 863 1720 u.
887 1656 952 1722 535
985 1655 1063 1720 nihil
1099 1655 1259 1739 praefatus
1293 1655 1331 1719 ad

145 1760 308 1824 terrestria
331 1759 479 1825 transiit'.
504 1778 582 1842 qnae
599 1761 725 1842 quidem
742 1761 937 1826 Lachmanni
952 1757 1159 1838 ratiocinatio,
1184 1757 1254 1841 quis
1270 1776 1333 1823 non

146 1865 240 1937 uidet,
264 1882 361 1945 qnam
382 1863 557 1928 luculenter
580 1863 799 1946 comprobetur
820 1866 914 1947 atque
931 1863 1133 1930 confirmetur
1148 1864 1214 1946 illa,
1238 1882 1332 1946 quam

146 1986 242 2051 supra
265 1968 443 2052 statuimus,
466 1967 640 2033 imitatione
664 1966 842 2033 Ouidiana?
866 1986 941 2034 nam
956 1965 1112 2051 ingeniosi
1127 1967 1187 2032 uiri
1203 1985 1331 2032 acumen

145 2090 207 2136 non
232 2071 318 2154 fugit
340 2071 420 2136 hano
443 2073 552 2150 totam,
587 2074 625 2138 de
649 2091 710 2154 qua
733 2070 924 2154 quaerimus,
958 2074 1080 2154 partem
1103 2071 1176 2137 libri
1200 2070 1246 2134 VI
1268 2069 1332 2134 Ln-

144 2175 277 2240 cretiani
301 2176 482 2258 neutiquam
507 2175 605 2241 alium
635 2177 668 2239 in
699 2176 802 2240 locum
833 2194 900 2240 esse
930 2173 1203 2256 transponendum,
1232 2176 1268 2238 ut
1297 2192 1333 2238 ea

143 2277 323 2361 descriptio,
348 2297 426 2361 qnae
449 2283 486 2345 ad
510 2280 611 2344 terrae
629 2281 732 2344 motus
747 2279 894 2362 pertinet,
910 2279 1021 2342 statim
1038 2277 1210 2359 excipiatur
1226 2277 1333 2358 dispu-

142 2383 262 2448 tatione
284 2383 322 2447 de
344 2383 461 2448 Aetnae
496 2384 612 2448 montis
645 2381 872 2466 eruptionibus.
896 2381 1011 2447 etenim
1034 2381 1062 2446 si
1084 2400 1117 2445 re
1141 2399 1216 2446 vera
1238 2380 1328 2458 hanc,

143 2486 180 2551 de
207 2503 269 2567 qua
292 2503 393 2550 sermo
416 2489 474 2565 est,
512 2489 607 2552 maris
631 2487 871 2570 descriptionem
894 2485 1033 2552 Lucretii
1068 2504 1134 2551 esse
1167 2485 1333 2562 sumimus,

146 2593 236 2656 cuius
262 2591 338 2672 quin
361 2592 413 2674 sit,
437 2611 536 2674 neque
559 2591 779 2656 Lachmannus
802 2590 926 2655 dubitat
949 2609 1047 2673 neque
1064 2590 1162 2655 alium
1177 2591 1332 2672 quendam

145 2695 366 2761 dubitaturum
401 2714 466 2760 csse
499 2713 598 2777 spero,
633 2698 702 2760 tum
736 2712 774 2760 ea
806 2695 872 2759 sine
904 2694 998 2760 dubio
1022 2694 1151 2759 eandem
1174 2693 1277 2759 sedem
1300 2693 1333 2757 in

144 2801 285 2863 carmine
307 2797 462 2874 obtinuit,
497 2818 591 2882 qnam
615 2800 642 2864 ei
666 2801 726 2884 ipsi
756 2799 876 2864 codices
900 2798 1060 2875 tribuunt,
1094 2815 1226 2881 quorum
1260 2814 1331 2860 cnm

144 2901 327 2967 testimonio
351 2901 454 2966 Ovidii
478 2903 687 2967 imitationem
713 2905 835 2968 easdem
852 2904 946 2968 maris
963 2904 994 2967 et
1010 2901 1092 2984 ignis
1109 2901 1332 2982 descriptiones

145 3008 252 3072 eodem
277 3007 384 3070 ordine
407 3005 488 3070 inter
511 3027 543 3072 se
568 3007 785 3086 coniungentis
808 3024 933 3088 prorsus
956 3006 1133 3087 conspirare
1156 3023 1247 3069 nemo
1270 3022 1332 3068 non

145 3110 245 3175 uidet.
270 3127 343 3195 ergo
370 3111 460 3174 unice
484 3129 557 3175 vera
579 3111 627 3175 est
656 3110 713 3174 illa
736 3110 928 3175 Lachmanni
952 3109 1131 3174 coniectura
1162 3109 1331 3176 statuentis

148 3213 296 3279 Lucretio
325 3233 379 3295 per·
409 3213 509 3277 fatum
540 3232 600 3278 non
620 3197 755 3278 'licuisse
784 3231 895 3298 poema
924 3232 1016 3277 suum
1045 3211 1220 3298 absolvere.
1258 3231 1333 3277 nam

148 3335 283 3400 quanam
316 3316 379 3381 alia
413 3319 531 3381 ratione
565 3326 596 3382 et
631 3316 711 3382 aliae
745 3317 962 3395 difficultates,
998 3335 1074 3398 quas
1109 3317 1222 3380 multis
1256 3316 1332 3381 locis

145 3423 296 3504 poematis
319 3439 465 3504 peruersa
488 3420 683 3503 singularum
707 3421 846 3504 partium
868 3421 1015 3486 iunctura
1032 3420 1170 3503 praebet,
1195 3424 1226 3484 et
1249 3421 1331 3500 haec,

147 3542 241 3608 qnam
264 3541 361 3606 supra
382 3523 590 3605 exposuimus,
616 3524 780 3608 dispositio
797 3524 875 3590 satis
898 3524 1005 3606 inepta
1019 3525 1168 3607 explicari
1184 3526 1330 3607 possunt!

248 3629 348 3710 Pergo
363 3629 402 3693 ad
418 3627 658 3694 similitudinem
675 3649 709 3694 ex
721 3628 790 3692 Nili
811 3628 949 3693 fluminis
966 3632 1079 3693 natura
1094 3629 1237 3711 petitam,
1255 3647 1332 3711 quae

147 3749 297 3796 versuum
321 3751 458 3812 numero,
483 3751 558 3816 quos
582 3733 810 3817 complectitur,
834 3751 940 3797 ornnes
957 3732 1092 3815 reliquas
1111 3735 1237 3817 superat
1252 3735 1331 3798 ima-

146 3835 233 3919 gines
249 3832 429 3915 Ouidianas,
453 3856 529 3919 quas
545 3839 659 3919 partim
683 3837 745 3903 iam
769 3836 983 3936 tractavimus,
1007 3837 1124 3918 partim
1139 3837 1172 3901 in
1190 3837 1332 3919 sequenti

146 3938 315 4004 tractaturi
339 3959 457 4005 snmus.
483 3941 599 4022 quain
622 3959 655 4006 re
679 3941 781 4004 totum
804 3941 909 4005 locum
926 3937 1123 4020 Ovidianum,
1146 3959 1206 4006 non
1230 3941 1332 4004 solnm

145 4044 247 4126 ipsam
269 4044 451 4128 imaginem,
486 4063 591 4109 uerum
615 4045 710 4109 otiam
733 4062 792 4121 res,
827 4063 904 4126 qnae
928 4045 1116 4120 illustratur,
1140 4063 1234 4126 qnam
1258 4043 1332 4110 dili-

145 4149 329 4232 gentissime
362 4147 575 4214 examinemus
608 4149 743 4232 oportet,
785 4151 947 4230 propterea
985 4148 1067 4231 quod
1106 4147 1139 4212 in
1173 4148 1232 4213 bac
1266 4150 1333 4214 tota

146 4252 415 4336 descriptione-
438 4251 470 4315 id
494 4252 573 4333 qnod
597 4251 724 4316 iamiam
748 4249 935 4334 probaturus
959 4270 1028 4316 sum
1052 4287 1093 4298 -
1116 4250 1247 4317 Ouidius
1268 4252 1333 4316 Lu·

147 4355 286 4420 cretiana
302 4362 463 4438 tamquam
481 4355 683 4440 exaggeravit
699 4356 731 4440 et
754 4355 856 4419 varios
879 4356 961 4419 locos
985 4357 1016 4419 in
1041 4354 1171 4420 diversis
1195 4354 1331 4420 Lucretii

146 4460 239 4524 libris
262 4451 403 4524 extantes
428 4462 501 4525 ante
525 4461 629 4524 oculos
654 4459 775 4524 babuit.
805 4459 882 4526 Met.
906 4459 922 4523 Ι
949 4459 1014 4524 416
1043 4478 1108 4541 sqq.
1138 4461 1234 4542 igitur
1256 4458 1334 4524 haec

147 4564 307 4648 leguntur:
