3370 5134
827 508 1036 575 ...94-

337 701 445 763 tumen
469 695 504 762 in
526 696 671 762 omnibus
694 697 782 777 locis,
806 715 881 780 quos
904 698 1072 782 diligenter
1095 701 1229 764 contulit
1245 699 1426 784 Rappoldns
1448 697 1520 783 (Oie

337 800 537 870 Gleichnissc
559 801 610 866 bei
631 800 819 885 Aeschylos,
850 800 1017 886 Sophocles
1039 803 1104 867 und
1128 802 1292 886 EmIpides
1316 801 1428 868 1-111
1451 800 1521 866 ‘dnn

337 901 554 989 (lym-Progr.
568 903 762 987 Klagenlurt
778 904 1006 986 luto-1878)
1022 905 1147 970 nullum
1162 905 1315 984 iuvenies,
1326 905 1381 988 qud
1396 904 1521 988 propius

337 1008 377 1073 ad
385 1006 489 1075 ovidi
500 1008 742 1074 slmilitudinem
755 1009 883 1074 accedat
895 1027 989 1090 quem
1000 1009 1355 1094 Lucretiidescriptioll
1368 1010 1452 1076 1316
1464 1026 1521 1092 οη,

337 1111 392 1178 ubi
414 1111 490 1177 haec
511 1111 675 1195 leguntur:

544 1231 595 1270 acc
608 1219 738 1282 poteram
757 1215 862 1283 equites
879 1215 995 1281 fremitu
1009 1215 1161 1282 perterrita
1182 1231 1316 1285 equorum

540 1306 656 1372 pectora
673 1301 790 1356 mulcere
808 1306 834 1356 et
851 1300 940 1368 [roais
958 1307 1116 1357 conuertere
1133 1302 1165 1356 a'a
1182 1303 1276 1358 doctis.

336 1407 573 1488 certantesque
602 1407 689 1474 locus
716 1408 748 1472 id
781 1407 874 1473 habet
896 1426 1071 1492 commune,
1101 1408 1183 1490 quod
1207 1408 1376 1489 utrubique
1406 1408 1439 1472 in
1462 1425 1522 1472 una

337 1509 505 1592 eademque
538 1528 572 1574 re
606 1527 767 1575 summum
801 1511 940 1592 positum
975 1514 1022 1574 eet
1045 1511 1246 1576 momentum·
1262 1510 1361 1576 totius
1385 1509 1521 1592 descrip-

337 1613 442 1696 tionis,
465 1613 586 1680 ecilicet
604 1613 638 1678 in
661 1633 705 1697 eo,
729 1617 809 1697 quod
826 1614 969 1680 domiuus
986 1614 1104 1679 frustra
1120 1614 1215 1682 frenis
1231 1634 1346 1698 equum
1362 1613 1522 1679 cohercere

337 1719 452 1784 studet.
477 1720 586 1782 verum
597 1718 656 1783 hoc
667 1721 736 1784 leve
748 1722 795 1784 est
812 1720 844 1782 et
858 1721 991 1785 concedo
1007 1717 1075 1784 fieri
1090 1721 1237 1804 potuisse,
1261 1719 1298 1784 ut
1314 1718 1395 1783 alius
1411 1721 1520 1802 poetae

337 1819 474 1905 vestigia
497 1825 678 1904 sequeretur
700 1821 832 1888 Ovidius
854 1826 912 1888 ‘aut
934 1823 1001 1888 suis
1023 1821 1123 1906 ipsius
1143 1823 1288 1907 pedibus,
1301 1823 1472 1889 insisteret.

438 1923 511 2003 Iam
535 1943 607 1992 vero
629 1926 705 1992 ordo
726 1925 949 2008 disputationis
978 1944 1034 1992 nos
1065 1943 1099 1992 eo
1123 1927 1219 2006 ducit,
1251 1930 1288 1992 ut
1311 1927 1350 1992 de
1373 1927 1417 1991 eis
1438 1926 1521 1992 ima·

337 2027 466 2112 gInibm
500 2025 663 2106 Ouidianie
697 2029 879 2108 disseratur,
913 2047 991 2112 quae
1014 2050 1031 2094 e
1055 2030 1140 2097 caelo
1163 2049 1199 2095 ac
1220 2029 1378 2096 sideribus
1401 2029 1523 2114 petitae

337 2135 422 2197 sunt.
446 2131 563 2214 quain
595 2151 629 2197 re
651 2133 778 2198 initium
814 2135 973 2220 capiamus
999 2152 1017 2198 a
1039 2133 1301 2202 similitudinibus
1333 2135 1370 2200 de
1403 2135 1525 2200 lumine

337 2235 514 2320 refulgente
547 2235 674 2318 petitis,
705 2239 737 2301 in
766 2235 878 2319 quibus
911 2235 1088 2303 tractandis
1122 2240 1154 2303 in
1175 2237 1287 2322 prImis
1311 2237 1525 2320 cognoscitur,

339 2343 457 2421 quanta
473 2339 617 2405 cautique
632 2357 779 2423 persaepe
802 2342 835 2405 in
859 2341 1040 2423 quaestione
1064 2343 1102 2408 ad
1125 2341 1318 2406 imitationes
1340 2341 1525 2424 pertinente

331 2461 414 2530 opus
438 2441 490 2523 eit,
514 2461 551 2508 ne
573 2444 607 2508 in
631 2461 766 2509 errorem
788 2445 981 2510 inducamur.

441 2543 486 2612 En
508 2547 615 2614 Ovidii
633 2547 838 2631 imaginibus,
863 2566 941 2631 quae
964 2547 1026 2612 huc
1047 2549 1217 2631 pertinent,
1241 2548 1339 2614 altera
1363 2548 1527 2615 invenitur

338 2650 416 2716 Met.
440 2649 487 2716 IV
503 2650 566 2716 347
583 2670 661 2735 sqq,
688 2651 744 2716 ubi
770 2652 864 2734 poeta
879 2651 1027 2717 ardentes
1043 2651 1149 2717 oculos
1165 2651 1319 2734 nymphae
1335 2649 1525 2720 Salmacidis

338 2773 444 2820 amore
468 2755 686 2821 incalescentis
709 2756 793 2820 hunc
814 2756 847 2820 in
870 2757 998 2820 modum
1024 2755 1187 2820 illustrat:

547 2915 555 2930 .
599 2914 606 2928 .
649 2911 658 2932 .
703 2916 709 2929 .
750 2877 872 2946 flaqroat
890 2891 996 2945 qaoque
1014 2875 1122 2930 lamina
1140 2875 1284 2946 ayocplme,

544 2977 601 3014 aaa
620 2962 703 3015 aliter
721 2977 803 3030 qaam
820 2977 882 3016 cam
896 2977 971 3032 paro
989 2961 1176 3016 attidtsa'mas
1193 2961 1257 3016 orbe

543 3048 669 3115 opposita
686 3049 791 3116 apacati
809 3048 941 3114 referitur
958 3048 1077 3118 lmaqiac
1094 3047 1230 3114 Phoebas,

338 3153 439 3217 altare
461 3151 600 3216 eiusdem
622 3152 745 3235 generis
768 3145 947 3238 legItur'A.
971 3153 1010 3220 Α.
1034 3152 1066 3216 Il
1089 3153 1150 3219 721
1175 3171 1237 3234 sq:

543 3273 659 3342 ospicia
676 3273 768 3328 oculos
785 3272 900 3327 tremulo
918 3272 1029 3342 [algore
1047 3272 1185 3338 calcandas,

593 3366 625 3414 at
642 3361 683 3414 sol
701 3377 720 3414 α
737 3358 846 3429 liquida
863 3375 943 3430 scope
961 3359 1079 3430 resalqet
1096 3375 1179 3427 aqau.

337 3483 399 3546 qua
422 3465 454 3529 in
477 3465 661 3530 retentasse
684 3461 814 3530 Ovidius
838 3463 970 3548 Vergilii
994 3463 1214 3530 auctoritatem
1237 3463 1364 3530 secutus
1388 3463 1447 3545 est,
1470 3465 1523 3547 qui

338 3569 416 3633 Aen.
442 3567 522 3632 VIII
544 3567 586 3634 22
609 3587 675 3652 sqq.
699 3567 838 3634 Aeneam
871 3587 983 3652 magno
1017 3583 1164 3633 curarum
1194 3570 1286 3634 ,aestu
1315 3566 1523 3632 fluctuantem

337 3669 395 3736 hac
418 3670 584 3737 adumbrat
606 3671 831 3738 similitudide:

542 3791 613 3846 ειάνι
630 3807 718 3859 aquae
736 3791 884 3846 tremulam
902 3791 987 3846 labrire
1004 3792 1053 3846 abi
1071 3791 1164 3846 lamec
1181 3791 1257 3846 adele

544 3876 598 3932 sole
613 3893 774 3946 mpercaeeo
793 3882 844 3932 act
862 3877 1003 3934 radicatis
1021 3878 1138 3948 lmcqtue
1157 3878 1240 3931 iratae

543 3961 637 4016 ommia
652 3963 804 4034 pervolitat
820 3963 874 4018 late
893 3964 954 4018 loca
971 3963 1080 4032 iamque
1095 3961 1148 4016 'sab
1165 3977 1251 4016 caras

544 4048 658 4118 orc'qitar
675 4051 825 4119 samuelque
841 4049 910 4117 serit
928 4048 1055 4116 lacuaria
1074 4051 1145 4104 tecti.

337 4149 435 4235 ipsius
470 4155 576 4218 autem
599 4151 732 4237 Vergilii
766 4155 870 4240 imago
904 4159 1012 4237 aperte
1036 4157 1075 4220 ed
1097 4152 1301 4237 Apollonium
1337 4153 1438 4230 redit,
1471 4151 1524 4236 qui

337 4256 414 4340 Arg.
438 4255 488 4320 III
514 4256 577 4322 754
599 4277 664 4341 sqq.
689 4258 816 4323 Medeae
849 4260 990 4324 anImum
1015 4258 1098 4324 curis
1120 4260 1276 4324 iactatum
1298 4256 1343 4324 sic
1364 4257 1523 4344 depinxit:

545 4378 639 4432 πυκνὰ
659 4379 689 4432 δὲ
708 4377 735 4432 οἱ
753 4378 854 4447 κραδίη
874 4381 1008 4446 στηθέων
1028 4381 1165 4434 ἔντοσθεν
1184 4380 1276 4447 ἔθυεν,

544 4463 641 4530 ἠελίου
662 4467 701 4529 ὼς
719 4464 762 4529 τίς
779 4481 811 4520 τε
829 4466 927 4531 ’δόμοις
945 4467 1127 4522 ἐνιπάλλεται
1146 4465 1232 4534 αἴγλη

545 4552 829 4616 &decoctiunculam
847 4553 882 4606 ’τὸ
902 4554 937 4618 δὴ
956 4553 1024 4607 νέον
1042 4553 1076 4619 ὴὲ
1095 4553 1203 4620 λέβητι,
