3366 5132
672 535 863 600 ,9-

174 725 309 806 peracto,
334 741 395 807 qna
417 724 538 790 ratione
561 724 684 790 Turnus
707 723 826 808 Lycum
855 724 893 790 de
921 743 1011 791 muro
1033 724 1219 805 detraxerit,
1250 727 1369 809 equile

175 829 268 910 rapto
291 827 394 916 lepore
418 827 484 894 alta
505 828 632 910 petente
656 827 848 912 depingitur.

279 928 408 997 Ovidius
431 931 560 998 eandem
583 929 754 1016 imaginem
784 931 862 998 Met.
892 932 938 998 Vl
966 931 1030 998 516
1053 951 1119 1016 sqq.
1143 933 1278 1001 ιαιίαιιι
1301 935 1357 1011 ita,

173 1034 228 1111 ut,
263 1051 335 1098 cum
363 1039 476 1118 ¹poetae
498 1036 716 1102 antecedentes
750 1035 887 1118 aquilam
920 1037 1075 1121 impetum
1098 1036 1266 1104 facientem
1288 1038 1356 1104 eive

174 1137 267 1219 capta
288 1139 404 1221 praeda
425 1138 492 1204 alta
513 1140 671 1222 petentem
687 1139 846 1218 iecissent,
862 1139 929 1222 ipae
945 1143 1076 1207 eandem
1092 1141 1252 1207 volucrem
1266 1159 1357 1225 prae-

174 1241 335 1306 damiam
358 1241 392 1307 in
426 1241 505 1308 alto·
524 1242 598 1307 nido
632 1243 805 1327 depositam
837 1245 1032 1327 spectantem
1065 1243 1209 1328 fingeret.
1243 1245 1358 1312 Tereus

175 1343 280 1427 enim,
315 1347 481 1428 postquem
515 1345 693 1413 Philomela
735 1347 809 1412 navi
841 1347 989 1430 imposita
1023 1350 1085 1425 est,
1128 1352 1213 1414 terra
1246 1349 1358 1416 relicta

172 1447 366 1532 triumphat:

378 1585 434 1623 acre
452 1569 543 1636 aliter,
561 1585 645 1638 quam
663 1584 724 1624 oum
739 1567 857 1636 pedibus
871 1568 1027 1636 praedator
1044 1570 1156 1624 obuncis

380 1656 508 1724 deposuit
525 1656 593 1711 aido
611 1657 730 1724 leporem
748 1656 826 1711 ὅσσαι
844 1656 902 1712 alea
919 1657 952 1710 ιἰι
969 1657 1041 1710 ulto:
1101 1661 1104 1668 '

380 1743 459 1796 uuila
470 1745 543 1813 supa
560 1749 600 1798 ert
618 1748 705 1810 capro,
724 1748 828 1810 spectat
845 1758 898 1797 suu
912 1743 1041 1810 praemia
1057 1749 1163 1812 ruptor.

172 1885 253 1954 quas
276 1868 498 1934 similitudines
522 1889 541 1934 a
563 1868 698 1951 singulis
733 1869 833 1951 poetis
858 1869 941 1933 varie
964 1869 1128 1934 institutas
1151 1865 1356 1950 perlustranti

171 1973 226 2038 cui
248 1990 310 2037 non
334 1971 449 2057 liquet,
485 1990 547 2056 qua
569 1972 689 2038 ratione
712 1991 762 2051 aa,
797 1991 891 2054 quam
915 1971 1046 2038 Ovidius
1074 1975 1218 2054 praebet,
1253 1971 1356 2053 imago

171 2076 280 2142 exorta
302 2075 367 2142 sit?
400 2096 512 2160 nempe
536 2076 685 2142 labemus
708 2077 771 2141 tres
805 2075 995 2142 variationes
1018 2074 1165 2158 imaginis
1188 2074 1227 2139 ab
1250 2073 1355 2156 aquila

170 2178 315 2262 rapiente
349 2181 483 2262 petitae,
517 2181 655 2265 primum
678 2181 815 2263 aquilam
838 2180 991 2263 impetum
1026 2179 1213 2262 facientem,
1247 2179 1357 2245 deinde

173 2283 316 2367 aquilam
338 2285 428 2366 rapta
449 2285 565 2367 praeda
586 2284 652 2350 elta
675 2287 842 2366 petentem,
866 2283 1148 2367 deniqueaquilam
1162 2277 1308 2367 praedam
1323 2283 1357 2349 in

171 2386 239 2452 alto
261 2388 334 2453 nido
357 2388 528 2472 depositam
551 2373 755 2470 spectantem,
779 2407 815 2452 ex
838 2388 950 2470 quibus
965 2386 1099 2471 primam
1122 2387 1295 2472 imaginem
1317 2388 1357 2454 ab

171 2493 321 2575 Homero,
338 2493 470 2558 alteram
490 2511 508 2557 a
521 2491 669 2575 Vergilio,
685 2493 812 2558 tertiam
828 2492 867 2557 ab
880 2491 990 2558 Ouidio
1005 2493 1189 2573 usurpatam
1205 2491 1356 2558 videmus.

276 2595 431 2680 Sequitur,
455 2599 492 2660 ut
515 2596 553 2660 de
569 2597 613 2660 eis
637 2595 901 2660 similitudinibus
923 2612 1021 2678 pauca
1044 2594 1257 2676 disputemus,
1280 2615 1357 2678 quas

172 2703 284 2785 poetae
307 2700 536 2779 econdiciona,
560 2717 639 2782 quae
654 2699 822 2764 intercedit
844 2699 927 2764 inter
942 2697 1122 2781 accipitrem
1139 2698 1171 2764 et
1186 2698 1356 2778 columbas,

174 2807 341 2887 petierunt.
380 2803 493 2888 quibus
526 2806 561 2868 in
597 2803 789 2887 imaginibus
823 2801 1017 2867 recensendis
1047 2819 1153 2866 omnes
1182 2801 1266 2867 locos
1297 2801 1357 2869 hue

174 2908 375 2990 pertinentes
409 2907 582 2973 adscribere
612 2924 673 2971 nun
704 2925 814 2990 operae
843 2905 981 2988 pretium
1010 2904 1089 2970 mihi
1122 2923 1188 2970 esse
1221 2907 1355 2986 videtur,

174 3011 249 3096 quie
270 3011 465 3096 singulorum
489 3012 652 3095 poetarum
675 3012 829 3094 imagines
851 3011 1036 3094 neutiquam
1064 3014 1130 3075 tam
1158 3009 1366 3076 manifestam·

173 3135 249 3201 prae
284 3133 316 3180 se
339 3115 444 3180 ferunt
467 3114 726 3197 similitudinem,
763 3116 799 3180 ut
820 3134 917 3179 unum
955 3114 1090 3180 alterum
1123 3114 1268 3180 secutum
1291 3131 1357 3180 esse

173 3220 319 3287 conicias.
341 3218 447 3302 itaque
470 3237 521 3285 eos
544 3219 668 3285 aurum
691 3220 775 3284 locos
797 3219 989 3302 perlustrare
1013 3217 1092 3284 mihi
1114 3217 1146 3281 in
1169 3219 1272 3283 animo
1296 3218 1356 3299 est,

172 3324 230 3408 qui
253 3323 370 3390 maiore
393 3323 526 3404 quedam
552 3321 734 3406 cognatione
757 3322 839 3387 inter
861 3340 926 3386 sesa
949 3322 1054 3387 conexi
1077 3325 1160 3386 sunt.

277 3430 324 3493 Ac
347 3429 483 3511 primum
507 3426 633 3508 quidem
657 3427 739 3510 apud
762 3427 935 3492 Homerum
951 3427 990 3491 ll.
1009 3448 1027 3507 χ
1047 3427 1108 3492 139
1123 3444 1188 3509 sqq.
1205 3423 1357 3507 accipiter

168 3532 220 3598 ita
241 3531 410 3612 inducitur,
440 3533 477 3596 ut
501 3530 662 3596 celeritate
685 3531 759 3612 eius,
790 3549 853 3613 qua
874 3530 1052 3596 columbam
1077 3531 1218 3606 venatur,
1249 3528 1356 3593 Aiacis

170 3638 311 3717 impetus
334 3637 502 3701 Hectorem
526 3637 662 3718 petentis
685 3635 895 3719 significetur:

382 3757 453 3824 ἠῖιτε
472 3754 566 3824 κίρκος
585 3758 713 3824 ὄρεσφιν,
732 3757 929 3825 ἐλαφρότατος
947 3758 1106 3821 πετεηνῶν,

382 3843 501 3910 ῥηϊδίως
520 3844 622 3910 οἴμησε
642 3845 712 3910 μετὰ
730 3844 867 3911 τρήρωνα
886 3844 1014 3897 πέλειαν·

381 3931 400 3997 ἡ
421 3929 452 3983 δέ
472 3929 496 3980 θ’
516 3932 620 3984 ὕπαιθα
638 3935 781 3997 φοβεῖται,
799 3931 816 3983 ὁ
835 3929 859 3981 δ’
879 3929 1001 3994 ἐγγύθεν
1019 3928 1068 3982 bib
1087 3927 1214 3994 λεληκὼς

382 4016 486 4085 ταρφέ’
504 4017 638 4082 ἐπαΐσσει,
655 4018 746 4072 ἑλέειν
764 4018 797 4070 τέ
816 4017 829 4070 ἑ
847 4017 935 4081 θυμὸς
953 4015 1070 4080 ἀνώγει.

172 4141 283 4204 cadem
319 4139 424 4224 imago
461 4137 558 4203 simili
592 4140 711 4205 ratione
741 4140 889 4205 instituta
911 4139 997 4204 extat
1019 4138 1058 4202 Il.
1081 4161 1105 4203 rr
1126 4137 1191 4204 582
1214 4155 1271 4219 sq,
1296 4152 1355 4218 quo

170 4243 241 4308 loco
262 4241 427 4308 Patroclus
450 4241 627 4308 vehementi
650 4242 755 4308 dolore
778 4242 817 4307 ob
840 4244 959 4308 socium
990 4241 1194 4308 interfectum
1224 4238 1355 4304 affectus

170 4365 229 4431 per
262 4350 505 4428 propugnatores
538 4363 742 4429 prorumpens
775 4346 918 4428 accipitri
951 4346 1107 4412 confertur
1143 4343 1259 4420 veloci,
1302 4342 1357 4425 qui

171 4450 372 4532 prosequitur
383 4449 563 4516 monedulae
575 4453 607 4516 et
619 4453 743 4516 sturnos
755 4450 891 4532 fugatos.
908 4452 1045 4533 itemque
1061 4448 1230 4514 celeritatis
1247 4448 1357 4512 crude-

171 4552 335 4636 litatisque
358 4553 563 4620 illustrandae
586 4572 677 4619 causa
700 4554 832 4620 eandem
861 4553 1041 4636 imaginem,
1066 4570 1102 4616 ax
1125 4570 1186 4634 qua
1207 4551 1358 4634 accipiter
