<?xml version="1.0" encoding="UTF-8"?>
<!DOCTYPE html PUBLIC "-//W3C//DTD XHTML 1.0 Transitional//EN"
    "http://www.w3.org/TR/xhtml1/DTD/xhtml1-transitional.dtd">
<html xmlns="http://www.w3.org/1999/xhtml" xml:lang="en" lang="en">
 <head>
  <title>
</title>
<meta http-equiv="Content-Type" content="text/html;charset=utf-8" />
  <meta name='ocr-system' content='tesseract 3.04.00' />
  <meta name='ocr-capabilities' content='ocr_page ocr_carea ocr_par ocr_line ocrx_word'/>
</head>
<body>
  <div class='ocr_page' id='page_1' title='image "./desimilitudinib00washgoog_0090.png"; bbox 0 0 3366 5132; ppageno 0'>
   <div class='ocr_carea' id='block_1_1' title="bbox 631 534 841 596">
    <p class='ocr_par' dir='ltr' id='par_1_1' title="bbox 631 534 841 596">
     <span class='ocr_line' id='line_1_1' title="bbox 631 534 841 596; baseline 0 -16"><span class='ocrx_word' id='word_1_1' title='bbox 631 534 841 596; x_wconf 65' lang='lat'>„77-</span> 
     </span>
    </p>
   </div>
   <div class='ocr_carea' id='block_1_2' title="bbox 141 722 1333 1428">
    <p class='ocr_par' dir='ltr' id='par_1_2' title="bbox 141 722 1333 1428">
     <span class='ocr_line' id='line_1_2' title="bbox 142 722 1332 806; baseline 0.003 -20"><span class='ocrx_word' id='word_1_2' title='bbox 142 723 280 804; x_wconf 85' lang='lat' dir='ltr'>poetam¹</span> <span class='ocrx_word' id='word_1_3' title='bbox 301 741 388 786; x_wconf 91' lang='lat' dir='ltr'>suam</span> <span class='ocrx_word' id='word_1_4' title='bbox 424 723 666 804; x_wconf 79' lang='lat' dir='ltr'><strong>descriptionem</strong></span> <span class='ocrx_word' id='word_1_5' title='bbox 702 741 763 787; x_wconf 88' lang='lat' dir='ltr'>una</span> <span class='ocrx_word' id='word_1_6' title='bbox 796 727 964 805; x_wconf 88' lang='lat' dir='ltr'>eademque</span> <span class='ocrx_word' id='word_1_7' title='bbox 997 723 1115 789; x_wconf 86' lang='lat' dir='ltr'>ratione</span> <span class='ocrx_word' id='word_1_8' title='bbox 1138 722 1332 806; x_wconf 70' lang='lat' dir='ltr'>instituisse,</span> 
     </span>
     <span class='ocr_line' id='line_1_3' title="bbox 142 826 1329 910; baseline 0.002 -19"><span class='ocrx_word' id='word_1_9' title='bbox 142 831 251 910; x_wconf 90' lang='lat' dir='ltr'>utpote</span> <span class='ocrx_word' id='word_1_10' title='bbox 285 845 355 892; x_wconf 89' lang='lat' dir='ltr'>cum</span> <span class='ocrx_word' id='word_1_11' title='bbox 390 845 452 892; x_wconf 94' lang='lat' dir='ltr'>non</span> <span class='ocrx_word' id='word_1_12' title='bbox 486 826 671 909; x_wconf 87' lang='lat' dir='ltr'>simpliciter</span> <span class='ocrx_word' id='word_1_13' title='bbox 705 845 770 890; x_wconf 89' lang='lat' dir='ltr'>rem</span> <span class='ocrx_word' id='word_1_14' title='bbox 804 828 906 908; x_wconf 82' lang='lat' dir='ltr'>ipsam</span> <span class='ocrx_word' id='word_1_15' title='bbox 941 827 1120 893; x_wconf 77' lang='lat' dir='ltr'>describant</span> <span class='ocrx_word' id='word_1_16' title='bbox 1157 830 1190 892; x_wconf 86' lang='lat' dir='ltr'>et</span> <span class='ocrx_word' id='word_1_17' title='bbox 1223 829 1329 893; x_wconf 90' lang='lat' dir='ltr'>dicant</span> 
     </span>
     <span class='ocr_line' id='line_1_4' title="bbox 144 918 1333 1012; baseline -0.001 -18"><span class='ocrx_word' id='word_1_18' title='bbox 144 931 167 994; x_wconf 89' lang='lat' dir='ltr'>‘e</span> <span class='ocrx_word' id='word_1_19' title='bbox 191 934 327 996; x_wconf 76' lang='lat' dir='ltr'>stercore</span> <span class='ocrx_word' id='word_1_20' title='bbox 342 931 466 1012; x_wconf 89' lang='lat' dir='ltr'>putrido</span> <span class='ocrx_word' id='word_1_21' title='bbox 482 948 603 995; x_wconf 86' lang='lat' dir='ltr'>vermes</span> <span class='ocrx_word' id='word_1_22' title='bbox 619 918 811 1009; x_wconf 85' lang='lat' dir='ltr'>nascuntur’,</span> <span class='ocrx_word' id='word_1_23' title='bbox 828 933 880 996; x_wconf 88' lang='lat' dir='ltr'>sad</span> <span class='ocrx_word' id='word_1_24' title='bbox 899 932 989 996; x_wconf 89' lang='lat' dir='ltr'>verbo</span> <span class='ocrx_word' id='word_1_25' title='bbox 1006 933 1165 998; x_wconf 89' lang='lat' dir='ltr'>communi</span> <span class='ocrx_word' id='word_1_26' title='bbox 1182 931 1333 998; x_wconf 73' lang='lat' dir='ltr'>‘videndi&#39;</span> 
     </span>
     <span class='ocr_line' id='line_1_5' title="bbox 141 1033 1327 1118; baseline 0.003 -20"><span class='ocrx_word' id='word_1_27' title='bbox 141 1033 191 1098; x_wconf 89' lang='lat' dir='ltr'>nsi</span> <span class='ocrx_word' id='word_1_28' title='bbox 213 1052 283 1100; x_wconf 85' lang='lat' dir='ltr'>eam</span> <span class='ocrx_word' id='word_1_29' title='bbox 307 1033 459 1118; x_wconf 84' lang='lat' dir='ltr'>elegerint</span> <span class='ocrx_word' id='word_1_30' title='bbox 481 1035 677 1101; x_wconf 88' lang='lat' dir='ltr'>describendi</span> <span class='ocrx_word' id='word_1_31' title='bbox 700 1035 844 1113; x_wconf 84' lang='lat' dir='ltr'>formam,</span> <span class='ocrx_word' id='word_1_32' title='bbox 869 1054 929 1118; x_wconf 88' lang='lat' dir='ltr'>qua</span> <span class='ocrx_word' id='word_1_33' title='bbox 952 1034 1129 1102; x_wconf 85' lang='lat' dir='ltr'>observatio</span> <span class='ocrx_word' id='word_1_34' title='bbox 1153 1035 1327 1117; x_wconf 78' lang='lat' dir='ltr'>exponitur.</span> 
     </span>
     <span class='ocr_line' id='line_1_6' title="bbox 245 1135 1331 1220; baseline 0.001 -18"><span class='ocrx_word' id='word_1_35' title='bbox 245 1139 334 1203; x_wconf 90' lang='lat' dir='ltr'>Hanc</span> <span class='ocrx_word' id='word_1_36' title='bbox 356 1139 455 1219; x_wconf 80' lang='lat' dir='ltr'>ipsam</span> <span class='ocrx_word' id='word_1_37' title='bbox 480 1142 587 1204; x_wconf 89' lang='lat' dir='ltr'>autem</span> <span class='ocrx_word' id='word_1_38' title='bbox 609 1138 749 1203; x_wconf 87' lang='lat' dir='ltr'>Lucretii</span> <span class='ocrx_word' id='word_1_39' title='bbox 772 1135 1011 1220; x_wconf 80' lang='lat' dir='ltr'>descriptionem</span> <span class='ocrx_word' id='word_1_40' title='bbox 1033 1137 1138 1204; x_wconf 87' lang='lat' dir='ltr'>Ovidii</span> <span class='ocrx_word' id='word_1_41' title='bbox 1163 1139 1268 1203; x_wconf 89' lang='lat' dir='ltr'>animo</span> <span class='ocrx_word' id='word_1_42' title='bbox 1292 1157 1331 1203; x_wconf 92' lang='lat' dir='ltr'>eo</span> 
     </span>
     <span class='ocr_line' id='line_1_7' title="bbox 141 1240 1333 1324; baseline 0.002 -20"><span class='ocrx_word' id='word_1_43' title='bbox 141 1240 262 1306; x_wconf 91' lang='lat' dir='ltr'>firmius</span> <span class='ocrx_word' id='word_1_44' title='bbox 295 1241 461 1307; x_wconf 87' lang='lat' dir='ltr'>inhaesisse</span> <span class='ocrx_word' id='word_1_45' title='bbox 495 1243 586 1308; x_wconf 84' lang='lat' dir='ltr'>facile</span> <span class='ocrx_word' id='word_1_46' title='bbox 621 1243 742 1321; x_wconf 85' lang='lat' dir='ltr'>credas,</span> <span class='ocrx_word' id='word_1_47' title='bbox 778 1242 859 1324; x_wconf 90' lang='lat' dir='ltr'>quod</span> <span class='ocrx_word' id='word_1_48' title='bbox 899 1243 1009 1306; x_wconf 87' lang='lat' dir='ltr'>eadem</span> <span class='ocrx_word' id='word_1_49' title='bbox 1038 1243 1195 1308; x_wconf 89' lang='lat' dir='ltr'>sententia</span> <span class='ocrx_word' id='word_1_50' title='bbox 1229 1241 1333 1308; x_wconf 86' lang='lat' dir='ltr'>simili</span> 
     </span>
     <span class='ocr_line' id='line_1_8' title="bbox 142 1345 1275 1428; baseline 0.002 -20"><span class='ocrx_word' id='word_1_51' title='bbox 142 1345 263 1409; x_wconf 88' lang='lat' dir='ltr'>ratione</span> <span class='ocrx_word' id='word_1_52' title='bbox 286 1347 423 1428; x_wconf 83' lang='lat' dir='ltr'>exposita</span> <span class='ocrx_word' id='word_1_53' title='bbox 448 1349 529 1428; x_wconf 89' lang='lat' dir='ltr'>apud</span> <span class='ocrx_word' id='word_1_54' title='bbox 552 1347 646 1411; x_wconf 84' lang='lat' dir='ltr'>ilium</span> <span class='ocrx_word' id='word_1_55' title='bbox 669 1347 761 1428; x_wconf 92' lang='lat' dir='ltr'>paulo</span> <span class='ocrx_word' id='word_1_56' title='bbox 783 1347 854 1427; x_wconf 92' lang='lat' dir='ltr'>post</span> <span class='ocrx_word' id='word_1_57' title='bbox 876 1347 1028 1427; x_wconf 88' lang='lat' dir='ltr'>repetitur</span> <span class='ocrx_word' id='word_1_58' title='bbox 1052 1364 1080 1409; x_wconf 87' lang='lat' dir='ltr'>v.</span> <span class='ocrx_word' id='word_1_59' title='bbox 1106 1345 1168 1411; x_wconf 81' lang='grc'>928</span> <span class='ocrx_word' id='word_1_60' title='bbox 1192 1364 1275 1428; x_wconf 86' lang='lat' dir='ltr'>sqq:</span> 
     </span>
    </p>
   </div>
   <div class='ocr_carea' id='block_1_3' title="bbox 347 1467 1071 1711">
    <p class='ocr_par' dir='ltr' id='par_1_3' title="bbox 347 1467 1071 1711">
     <span class='ocr_line' id='line_1_9' title="bbox 348 1467 1033 1534; baseline -0.004 -11"><span class='ocrx_word' id='word_1_61' title='bbox 348 1469 487 1523; x_wconf 80' lang='lat' dir='ltr'>ceruimus</span> <span class='ocrx_word' id='word_1_62' title='bbox 510 1507 515 1520; x_wconf 95' lang='lat'><em>.</em></span> <span class='ocrx_word' id='word_1_63' title='bbox 545 1507 551 1520; x_wconf 94' lang='lat'>.</span> <span class='ocrx_word' id='word_1_64' title='bbox 579 1507 585 1519; x_wconf 88' lang='lat'><strong>.</strong></span> <span class='ocrx_word' id='word_1_65' title='bbox 608 1468 758 1534; x_wconf 77' lang='lat' dir='ltr'>vermisque</span> <span class='ocrx_word' id='word_1_66' title='bbox 776 1467 911 1534; x_wconf 80' lang='lat' dir='ltr'>efferoere,</span> <span class='ocrx_word' id='word_1_67' title='bbox 930 1473 1033 1520; x_wconf 84' lang='lat' dir='ltr'>terrem</span> 
     </span>
     <span class='ocr_line' id='line_1_10' title="bbox 347 1553 1008 1623; baseline -0.003 -15"><span class='ocrx_word' id='word_1_68' title='bbox 347 1555 548 1623; x_wconf 83' lang='lat' dir='ltr'>intempestivos</span> <span class='ocrx_word' id='word_1_69' title='bbox 565 1570 645 1622; x_wconf 84' lang='lat' dir='ltr'>quom</span> <span class='ocrx_word' id='word_1_70' title='bbox 660 1559 747 1621; x_wconf 78' lang='lat' dir='ltr'>putor</span> <span class='ocrx_word' id='word_1_71' title='bbox 766 1554 836 1620; x_wconf 80' lang='lat' dir='ltr'>cepit</span> <span class='ocrx_word' id='word_1_72' title='bbox 854 1554 886 1606; x_wconf 88' lang='lat' dir='ltr'>ob</span> <span class='ocrx_word' id='word_1_73' title='bbox 905 1553 1008 1618; x_wconf 86' lang='lat' dir='ltr'>imbris,</span> 
     </span>
     <span class='ocr_line' id='line_1_11' title="bbox 347 1640 1071 1711; baseline -0.001 -16"><span class='ocrx_word' id='word_1_74' title='bbox 347 1642 417 1695; x_wconf 79' lang='lat' dir='ltr'>scire</span> <span class='ocrx_word' id='word_1_75' title='bbox 435 1640 498 1696; x_wconf 83' lang='lat' dir='ltr'>iicet</span> <span class='ocrx_word' id='word_1_76' title='bbox 513 1641 593 1711; x_wconf 80' lang='lat' dir='ltr'>pipat</span> <span class='ocrx_word' id='word_1_77' title='bbox 609 1655 688 1708; x_wconf 80' lang='lat' dir='ltr'>posse</span> <span class='ocrx_word' id='word_1_78' title='bbox 708 1654 741 1694; x_wconf 83' lang='lat' dir='ltr'>em</span> <span class='ocrx_word' id='word_1_79' title='bbox 758 1656 815 1693; x_wconf 82' lang='lat' dir='ltr'>more</span> <span class='ocrx_word' id='word_1_80' title='bbox 833 1640 950 1692; x_wconf 80' lang='lat' dir='ltr'>semiba&#39;</span> <span class='ocrx_word' id='word_1_81' title='bbox 969 1655 1071 1694; x_wconf 81' lang='lat' dir='ltr'>erasae.</span> 
     </span>
    </p>
   </div>
   <div class='ocr_carea' id='block_1_4' title="bbox 113 1744 1331 2139">
    <p class='ocr_par' dir='ltr' id='par_1_4' title="bbox 113 1744 1331 2139">
     <span class='ocr_line' id='line_1_12' title="bbox 143 1744 1331 1826; baseline 0.001 -17"><span class='ocrx_word' id='word_1_82' title='bbox 143 1764 250 1810; x_wconf 82' lang='lat' dir='ltr'>rerum</span> <span class='ocrx_word' id='word_1_83' title='bbox 273 1763 334 1812; x_wconf 95' lang='lat' dir='ltr'>non</span> <span class='ocrx_word' id='word_1_84' title='bbox 358 1746 460 1812; x_wconf 90' lang='lat' dir='ltr'>minus</span> <span class='ocrx_word' id='word_1_85' title='bbox 484 1745 651 1812; x_wconf 83' lang='lat' dir='ltr'>manifesto</span> <span class='ocrx_word' id='word_1_86' title='bbox 674 1762 768 1826; x_wconf 86' lang='lat' dir='ltr'>quam</span> <span class='ocrx_word' id='word_1_87' title='bbox 791 1744 824 1808; x_wconf 91' lang='lat' dir='ltr'>hi</span> <span class='ocrx_word' id='word_1_88' title='bbox 849 1746 908 1808; x_wconf 92' lang='lat' dir='ltr'>duo</span> <span class='ocrx_word' id='word_1_89' title='bbox 931 1744 993 1810; x_wconf 89' lang='lat' dir='ltr'>loci</span> <span class='ocrx_word' id='word_1_90' title='bbox 1010 1744 1199 1810; x_wconf 84' lang='lat' dir='ltr'>Lucretiam</span> <span class='ocrx_word' id='word_1_91' title='bbox 1216 1745 1331 1810; x_wconf 88' lang='lat' dir='ltr'>tertius</span> 
     </span>
     <span class='ocr_line' id='line_1_13' title="bbox 144 1847 1329 1933; baseline 0.001 -22"><span class='ocrx_word' id='word_1_92' title='bbox 144 1849 184 1932; x_wconf 83' lang='lat' dir='ltr'>(V</span> <span class='ocrx_word' id='word_1_93' title='bbox 209 1848 271 1915; x_wconf 86' lang='lat'>788</span> <span class='ocrx_word' id='word_1_94' title='bbox 287 1849 368 1933; x_wconf 83' lang='lat' dir='ltr'>sqq.)</span> <span class='ocrx_word' id='word_1_95' title='bbox 392 1850 600 1916; x_wconf 89' lang='lat' dir='ltr'>imitationem</span> <span class='ocrx_word' id='word_1_96' title='bbox 619 1847 805 1914; x_wconf 81' lang='lat' dir='ltr'>Ouidianum</span> <span class='ocrx_word' id='word_1_97' title='bbox 828 1849 955 1924; x_wconf 89' lang='lat' dir='ltr'>indicat,</span> <span class='ocrx_word' id='word_1_98' title='bbox 973 1847 1027 1912; x_wconf 93' lang='lat' dir='ltr'>ubi</span> <span class='ocrx_word' id='word_1_99' title='bbox 1043 1849 1207 1914; x_wconf 88' lang='lat' dir='ltr'>Lueretius</span> <span class='ocrx_word' id='word_1_100' title='bbox 1223 1850 1329 1914; x_wconf 87' lang='lat' dir='ltr'>ortum</span> 
     </span>
     <span class='ocr_line' id='line_1_14' title="bbox 113 1947 1331 2035; baseline 0 -17"><span class='ocrx_word' id='word_1_101' title='bbox 113 1947 116 1956; x_wconf 76' lang='grc'><em>’</em></span> <span class='ocrx_word' id='word_1_102' title='bbox 143 1973 246 2019; x_wconf 89' lang='lat' dir='ltr'>rerum</span> <span class='ocrx_word' id='word_1_103' title='bbox 271 1973 288 2018; x_wconf 87' lang='lat' dir='ltr'>e</span> <span class='ocrx_word' id='word_1_104' title='bbox 310 1955 428 2020; x_wconf 89' lang='lat' dir='ltr'>recenti</span> <span class='ocrx_word' id='word_1_105' title='bbox 452 1953 565 2018; x_wconf 90' lang='lat' dir='ltr'>tellure</span> <span class='ocrx_word' id='word_1_106' title='bbox 582 1952 627 2018; x_wconf 91' lang='lat' dir='ltr'>sic</span> <span class='ocrx_word' id='word_1_107' title='bbox 644 1956 785 2018; x_wconf 90' lang='lat' dir='ltr'>enarrat:</span> <span class='ocrx_word' id='word_1_108' title='bbox 812 1952 854 2017; x_wconf 90' lang='lat' dir='ltr'>‘ut</span> <span class='ocrx_word' id='word_1_109' title='bbox 872 1953 903 2016; x_wconf 92' lang='lat' dir='ltr'>in</span> <span class='ocrx_word' id='word_1_110' title='bbox 918 1952 1071 2018; x_wconf 92' lang='lat' dir='ltr'>membris</span> <span class='ocrx_word' id='word_1_111' title='bbox 1088 1952 1331 2035; x_wconf 85' lang='lat' dir='ltr'>quadrupedum</span> 
     </span>
     <span class='ocr_line' id='line_1_15' title="bbox 143 2055 1268 2139; baseline 0 -19"><span class='ocrx_word' id='word_1_112' title='bbox 143 2058 280 2138; x_wconf 90' lang='lat' dir='ltr'>primum</span> <span class='ocrx_word' id='word_1_113' title='bbox 303 2058 360 2139; x_wconf 88' lang='lat' dir='ltr'>pili</span> <span class='ocrx_word' id='word_1_114' title='bbox 383 2059 413 2122; x_wconf 91' lang='lat' dir='ltr'>et</span> <span class='ocrx_word' id='word_1_115' title='bbox 437 2061 551 2134; x_wconf 88' lang='lat' dir='ltr'>saetae,</span> <span class='ocrx_word' id='word_1_116' title='bbox 575 2057 606 2120; x_wconf 90' lang='lat' dir='ltr'>iu</span> <span class='ocrx_word' id='word_1_117' title='bbox 630 2056 810 2138; x_wconf 88' lang='lat' dir='ltr'>corporibus</span> <span class='ocrx_word' id='word_1_118' title='bbox 833 2055 939 2120; x_wconf 88' lang='lat' dir='ltr'>avium</span> <span class='ocrx_word' id='word_1_119' title='bbox 964 2057 1089 2137; x_wconf 86' lang='lat' dir='ltr'>plumae</span> <span class='ocrx_word' id='word_1_120' title='bbox 1113 2059 1268 2136; x_wconf 86' lang='lat' dir='ltr'>creantur,</span> 
     </span>
    </p>
   </div>
   <div class='ocr_carea' id='block_1_5' title="bbox 347 2175 1103 2406">
    <p class='ocr_par' dir='ltr' id='par_1_5' title="bbox 347 2175 1103 2406">
     <span class='ocr_line' id='line_1_16' title="bbox 347 2175 1103 2245; baseline -0.003 -13"><span class='ocrx_word' id='word_1_121' title='bbox 347 2179 385 2232; x_wconf 84' lang='lat' dir='ltr'>sic</span> <span class='ocrx_word' id='word_1_122' title='bbox 403 2193 476 2232; x_wconf 83' lang='lat' dir='ltr'>more</span> <span class='ocrx_word' id='word_1_123' title='bbox 495 2181 553 2230; x_wconf 83' lang='lat' dir='ltr'>ium</span> <span class='ocrx_word' id='word_1_124' title='bbox 572 2177 654 2230; x_wconf 79' lang='lat' dir='ltr'>tellas</span> <span class='ocrx_word' id='word_1_125' title='bbox 671 2175 767 2230; x_wconf 80' lang='lat' dir='ltr'>herbas</span> <span class='ocrx_word' id='word_1_126' title='bbox 785 2176 961 2245; x_wconf 78' lang='lat' dir='ltr'>oirpultaqae</span> <span class='ocrx_word' id='word_1_127' title='bbox 977 2178 1103 2244; x_wconf 79' lang='lat' dir='ltr'>primum</span> 
     </span>
     <span class='ocr_line' id='line_1_17' title="bbox 347 2261 995 2327; baseline 0 -9"><span class='ocrx_word' id='word_1_128' title='bbox 347 2265 467 2327; x_wconf 79' lang='lat' dir='ltr'>castulii,</span> <span class='ocrx_word' id='word_1_129' title='bbox 486 2262 551 2316; x_wconf 78' lang='lat' dir='ltr'>iride</span> <span class='ocrx_word' id='word_1_130' title='bbox 570 2262 622 2316; x_wconf 87' lang='lat' dir='ltr'>ioci</span> <span class='ocrx_word' id='word_1_131' title='bbox 639 2261 768 2316; x_wconf 79' lang='lat' dir='ltr'>orerieiic</span> <span class='ocrx_word' id='word_1_132' title='bbox 784 2263 874 2317; x_wconf 80' lang='lat' dir='ltr'>suecia</span> <span class='ocrx_word' id='word_1_133' title='bbox 892 2266 995 2318; x_wconf 80' lang='lat' dir='ltr'>creauit</span> 
     </span>
     <span class='ocr_line' id='line_1_18' title="bbox 348 2350 991 2406; baseline 0 -2"><span class='ocrx_word' id='word_1_134' title='bbox 348 2350 435 2404; x_wconf 32' lang='lat' dir='ltr'>mtrem</span> <span class='ocrx_word' id='word_1_135' title='bbox 452 2350 539 2405; x_wconf 81' lang='lat' dir='ltr'>orodis</span> <span class='ocrx_word' id='word_1_136' title='bbox 557 2350 649 2404; x_wconf 76' lang='lat' dir='ltr'>ocultis</span> <span class='ocrx_word' id='word_1_137' title='bbox 667 2353 747 2404; x_wconf 84' lang='lat' dir='ltr'>vario</span> <span class='ocrx_word' id='word_1_138' title='bbox 764 2353 871 2404; x_wconf 81' lang='lat' dir='ltr'>ratione</span> <span class='ocrx_word' id='word_1_139' title='bbox 891 2358 991 2406; x_wconf 83' lang='lat' dir='ltr'>coortu.</span> 
     </span>
    </p>
   </div>
   <div class='ocr_carea' id='block_1_6' title="bbox 272 2525 1089 2851">
    <p class='ocr_par' dir='ltr' id='par_1_6' title="bbox 272 2525 1089 2851">
     <span class='ocr_line' id='line_1_19' title="bbox 272 2525 1060 2592; baseline -0.003 -12"><span class='ocrx_word' id='word_1_140' title='bbox 272 2525 531 2592; x_wconf 72' lang='lat' dir='ltr'>recumberem</span> <span class='ocrx_word' id='word_1_141' title='bbox 551 2525 644 2577; x_wconf 86' lang='lat' dir='ltr'>merito</span> <span class='ocrx_word' id='word_1_142' title='bbox 664 2530 818 2578; x_wconf 78' lang='lat' dir='ltr'>araterrium</span> <span class='ocrx_word' id='word_1_143' title='bbox 838 2541 936 2578; x_wconf 81' lang='lat' dir='ltr'>aoruca</span> <span class='ocrx_word' id='word_1_144' title='bbox 955 2525 1060 2592; x_wconf 83' lang='lat' dir='ltr'>adepta</span> 
     </span>
     <span class='ocr_line' id='line_1_20' title="bbox 348 2611 1086 2679; baseline 0 -15"><span class='ocrx_word' id='word_1_145' title='bbox 348 2615 425 2664; x_wconf 85' lang='lat' dir='ltr'>terre</span> <span class='ocrx_word' id='word_1_146' title='bbox 441 2611 486 2675; x_wconf 85' lang='lat' dir='ltr'>sit,</span> <span class='ocrx_word' id='word_1_147' title='bbox 506 2627 519 2664; x_wconf 90' lang='lat' dir='ltr'>e</span> <span class='ocrx_word' id='word_1_148' title='bbox 537 2616 614 2664; x_wconf 84' lang='lat' dir='ltr'>terre</span> <span class='ocrx_word' id='word_1_149' title='bbox 632 2612 762 2679; x_wconf 81' lang='lat' dir='ltr'>quereiam</span> <span class='ocrx_word' id='word_1_150' title='bbox 779 2617 846 2664; x_wconf 85' lang='lat' dir='ltr'>sami</span> <span class='ocrx_word' id='word_1_151' title='bbox 864 2617 964 2664; x_wconf 77' lang='lat' dir='ltr'>cameto</span> <span class='ocrx_word' id='word_1_152' title='bbox 984 2617 1086 2665; x_wconf 86' lang='lat' dir='ltr'>create.</span> 
     </span>
     <span class='ocr_line' id='line_1_21' title="bbox 348 2697 1089 2764; baseline 0.001 -14"><span class='ocrx_word' id='word_1_153' title='bbox 348 2697 488 2764; x_wconf 77' lang='lat' dir='ltr'>irritaque</span> <span class='ocrx_word' id='word_1_154' title='bbox 507 2711 583 2751; x_wconf 81' lang='lat' dir='ltr'>reuma</span> <span class='ocrx_word' id='word_1_155' title='bbox 602 2697 686 2750; x_wconf 86' lang='lat' dir='ltr'>eiiam</span> <span class='ocrx_word' id='word_1_156' title='bbox 704 2697 828 2750; x_wconf 73' lang='lat' dir='ltr'>existerat</span> <span class='ocrx_word' id='word_1_157' title='bbox 846 2698 981 2750; x_wconf 83' lang='lat' dir='ltr'>amimalia</span> <span class='ocrx_word' id='word_1_158' title='bbox 1000 2699 1089 2762; x_wconf 80' lang='lat' dir='ltr'>terris,</span> 
     </span>
     <span class='ocr_line' id='line_1_22' title="bbox 348 2781 992 2851; baseline 0 -15"><span class='ocrx_word' id='word_1_159' title='bbox 348 2783 478 2836; x_wconf 81' lang='lat' dir='ltr'>imbribus</span> <span class='ocrx_word' id='word_1_160' title='bbox 496 2788 520 2836; x_wconf 85' lang='lat' dir='ltr'>ei</span> <span class='ocrx_word' id='word_1_161' title='bbox 539 2781 629 2837; x_wconf 82' lang='lat' dir='ltr'>calido</span> <span class='ocrx_word' id='word_1_162' title='bbox 646 2784 711 2837; x_wconf 83' lang='lat' dir='ltr'>solis</span> <span class='ocrx_word' id='word_1_163' title='bbox 730 2789 856 2837; x_wconf 81' lang='lat' dir='ltr'>concreto</span> <span class='ocrx_word' id='word_1_164' title='bbox 875 2800 992 2851; x_wconf 61' lang='lat' dir='ltr'>uapore·</span> 
     </span>
    </p>
   </div>
   <div class='ocr_carea' id='block_1_7' title="bbox 270 2954 1150 3891">
    <p class='ocr_par' dir='ltr' id='par_1_7' title="bbox 271 2954 1150 3372">
     <span class='ocr_line' id='line_1_23' title="bbox 271 2954 1043 3023; baseline -0.004 -13"><span class='ocrx_word' id='word_1_165' title='bbox 271 2958 327 3010; x_wconf 85' lang='grc'>805</span> <span class='ocrx_word' id='word_1_166' title='bbox 345 2962 403 3010; x_wconf 85' lang='lat' dir='ltr'>iam</span> <span class='ocrx_word' id='word_1_167' title='bbox 421 2954 472 3007; x_wconf 84' lang='lat' dir='ltr'>tibi</span> <span class='ocrx_word' id='word_1_168' title='bbox 489 2961 565 3008; x_wconf 84' lang='lat' dir='ltr'>terra</span> <span class='ocrx_word' id='word_1_169' title='bbox 584 2954 658 3009; x_wconf 82' lang='lat' dir='ltr'>dedit</span> <span class='ocrx_word' id='word_1_170' title='bbox 672 2956 778 3023; x_wconf 82' lang='lat' dir='ltr'>passim</span> <span class='ocrx_word' id='word_1_171' title='bbox 796 2956 925 3009; x_wconf 85' lang='lat' dir='ltr'>mortalia</span> <span class='ocrx_word' id='word_1_172' title='bbox 945 2959 1043 3011; x_wconf 81' lang='lat' dir='ltr'>arecia.</span> 
     </span>
     <span class='ocr_line' id='line_1_24' title="bbox 347 3043 1150 3110; baseline 0.001 -14"><span class='ocrx_word' id='word_1_173' title='bbox 347 3043 450 3096; x_wconf 76' lang='lat' dir='ltr'>meritus</span> <span class='ocrx_word' id='word_1_174' title='bbox 469 3043 539 3094; x_wconf 82' lang='lat' dir='ltr'>enim</span> <span class='ocrx_word' id='word_1_175' title='bbox 558 3043 635 3095; x_wconf 85' lang='lat' dir='ltr'>color</span> <span class='ocrx_word' id='word_1_176' title='bbox 652 3046 734 3110; x_wconf 81' lang='lat' dir='ltr'>atque</span> <span class='ocrx_word' id='word_1_177' title='bbox 752 3058 832 3096; x_wconf 83' lang='lat' dir='ltr'>amor</span> <span class='ocrx_word' id='word_1_178' title='bbox 848 3043 996 3110; x_wconf 82' lang='lat' dir='ltr'>superabat</span> <span class='ocrx_word' id='word_1_179' title='bbox 1014 3045 1045 3096; x_wconf 83' lang='lat' dir='ltr'>ire</span> <span class='ocrx_word' id='word_1_180' title='bbox 1063 3044 1150 3098; x_wconf 81' lang='lat' dir='ltr'>areis:</span> 
     </span>
     <span class='ocr_line' id='line_1_25' title="bbox 348 3128 1094 3198; baseline 0.001 -16"><span class='ocrx_word' id='word_1_181' title='bbox 348 3129 397 3183; x_wconf 85' lang='lat' dir='ltr'>boe</span> <span class='ocrx_word' id='word_1_182' title='bbox 415 3129 462 3182; x_wconf 84' lang='lat' dir='ltr'>abi</span> <span class='ocrx_word' id='word_1_183' title='bbox 479 3145 603 3197; x_wconf 83' lang='lat' dir='ltr'>quaeque</span> <span class='ocrx_word' id='word_1_184' title='bbox 622 3128 672 3182; x_wconf 86' lang='lat' dir='ltr'>ioci</span> <span class='ocrx_word' id='word_1_185' title='bbox 690 3130 767 3198; x_wconf 81' lang='lat' dir='ltr'>reqio</span> <span class='ocrx_word' id='word_1_186' title='bbox 786 3135 943 3196; x_wconf 78' lang='lat' dir='ltr'>opportune</span> <span class='ocrx_word' id='word_1_187' title='bbox 963 3130 1094 3195; x_wconf 84' lang='lat' dir='ltr'>dabatur,</span> 
     </span>
     <span class='ocr_line' id='line_1_26' title="bbox 349 3215 968 3284; baseline -0.003 -14"><span class='ocrx_word' id='word_1_188' title='bbox 349 3215 504 3270; x_wconf 83' lang='lat' dir='ltr'>crescebaut</span> <span class='ocrx_word' id='word_1_189' title='bbox 521 3215 593 3268; x_wconf 83' lang='lat' dir='ltr'>reteri</span> <span class='ocrx_word' id='word_1_190' title='bbox 612 3221 716 3269; x_wconf 83' lang='lat' dir='ltr'>terram</span> <span class='ocrx_word' id='word_1_191' title='bbox 734 3216 875 3269; x_wconf 81' lang='lat' dir='ltr'>radicibus</span> <span class='ocrx_word' id='word_1_192' title='bbox 893 3217 968 3284; x_wconf 82' lang='lat' dir='ltr'>epti,-</span> 
     </span>
     <span class='ocr_line' id='line_1_27' title="bbox 349 3302 1059 3372; baseline 0 -16"><span class='ocrx_word' id='word_1_193' title='bbox 349 3317 415 3370; x_wconf 85' lang='lat' dir='ltr'>qmos</span> <span class='ocrx_word' id='word_1_194' title='bbox 433 3302 480 3356; x_wconf 85' lang='lat' dir='ltr'>arbi</span> <span class='ocrx_word' id='word_1_195' title='bbox 498 3308 617 3372; x_wconf 82' lang='lat' dir='ltr'>tempore</span> <span class='ocrx_word' id='word_1_196' title='bbox 635 3306 746 3355; x_wconf 83' lang='lat' dir='ltr'>maturo</span> <span class='ocrx_word' id='word_1_197' title='bbox 761 3303 947 3370; x_wconf 79' lang='lat' dir='ltr'>patefecerat</span> <span class='ocrx_word' id='word_1_198' title='bbox 966 3308 1059 3356; x_wconf 83' lang='lat' dir='ltr'>cestus</span> 
     </span>
    </p>

    <p class='ocr_par' dir='ltr' id='par_1_8' title="bbox 270 3389 1072 3804">
     <span class='ocr_line' id='line_1_28' title="bbox 270 3389 1072 3458; baseline -0.001 -15"><span class='ocrx_word' id='word_1_199' title='bbox 270 3393 327 3444; x_wconf 87' lang='grc'>810</span> <span class='ocrx_word' id='word_1_200' title='bbox 344 3389 492 3454; x_wconf 80' lang='lat' dir='ltr'>inferitum,</span> <span class='ocrx_word' id='word_1_201' title='bbox 510 3389 618 3458; x_wconf 65' lang='lat' dir='ltr'>sepiens</span> <span class='ocrx_word' id='word_1_202' title='bbox 636 3405 756 3442; x_wconf 83' lang='lat' dir='ltr'>amorem</span> <span class='ocrx_word' id='word_1_203' title='bbox 774 3403 912 3456; x_wconf 82' lang='lat' dir='ltr'>uerusque</span> <span class='ocrx_word' id='word_1_204' title='bbox 927 3394 1072 3456; x_wconf 78' lang='lat' dir='ltr'>pererrem,</span> 
     </span>
     <span class='ocr_line' id='line_1_29' title="bbox 349 3476 967 3542; baseline -0.002 -12"><span class='ocrx_word' id='word_1_205' title='bbox 349 3476 520 3530; x_wconf 74' lang='lat' dir='ltr'>convertebat</span> <span class='ocrx_word' id='word_1_206' title='bbox 538 3476 577 3530; x_wconf 88' lang='lat' dir='ltr'>ibi</span> <span class='ocrx_word' id='word_1_207' title='bbox 595 3481 700 3529; x_wconf 84' lang='lat' dir='ltr'>metare</span> <span class='ocrx_word' id='word_1_208' title='bbox 717 3477 860 3542; x_wconf 84' lang='lat' dir='ltr'>feromiae</span> <span class='ocrx_word' id='word_1_209' title='bbox 878 3482 967 3529; x_wconf 85' lang='lat' dir='ltr'>terrae</span> 
     </span>
     <span class='ocr_line' id='line_1_30' title="bbox 349 3562 972 3632; baseline 0 -16"><span class='ocrx_word' id='word_1_210' title='bbox 349 3569 374 3617; x_wconf 86' lang='lat' dir='ltr'>et</span> <span class='ocrx_word' id='word_1_211' title='bbox 392 3579 487 3617; x_wconf 79' lang='lat' dir='ltr'>aarum</span> <span class='ocrx_word' id='word_1_212' title='bbox 505 3563 582 3619; x_wconf 83' lang='lat' dir='ltr'>ceris</span> <span class='ocrx_word' id='word_1_213' title='bbox 601 3563 710 3632; x_wconf 77' lang='lat' dir='ltr'>repebat</span> <span class='ocrx_word' id='word_1_214' title='bbox 727 3562 847 3627; x_wconf 75' lang='lat' dir='ltr'>suadere</span> <span class='ocrx_word' id='word_1_215' title='bbox 866 3564 972 3630; x_wconf 82' lang='lat' dir='ltr'>apertis</span> 
     </span>
     <span class='ocr_line' id='line_1_31' title="bbox 348 3650 1062 3717; baseline -0.004 -13"><span class='ocrx_word' id='word_1_216' title='bbox 348 3650 515 3704; x_wconf 80' lang='lat' dir='ltr'>consimilem</span> <span class='ocrx_word' id='word_1_217' title='bbox 533 3650 616 3710; x_wconf 81' lang='lat' dir='ltr'>luctis,</span> <span class='ocrx_word' id='word_1_218' title='bbox 635 3651 708 3703; x_wconf 82' lang='lat' dir='ltr'>sicat</span> <span class='ocrx_word' id='word_1_219' title='bbox 726 3665 801 3703; x_wconf 82' lang='lat' dir='ltr'>meac</span> <span class='ocrx_word' id='word_1_220' title='bbox 818 3650 922 3714; x_wconf 80' lang='lat' dir='ltr'>semime</span> <span class='ocrx_word' id='word_1_221' title='bbox 940 3664 1062 3717; x_wconf 81' lang='lat' dir='ltr'>quaeqae</span> 
     </span>
     <span class='ocr_line' id='line_1_32' title="bbox 348 3734 1070 3804; baseline -0.003 -14"><span class='ocrx_word' id='word_1_222' title='bbox 348 3752 409 3790; x_wconf 84' lang='lat' dir='ltr'>cam</span> <span class='ocrx_word' id='word_1_223' title='bbox 423 3736 542 3804; x_wconf 83' lang='lat' dir='ltr'>peperit,</span> <span class='ocrx_word' id='word_1_224' title='bbox 563 3736 638 3791; x_wconf 83' lang='lat' dir='ltr'>dulci</span> <span class='ocrx_word' id='word_1_225' title='bbox 655 3737 777 3803; x_wconf 82' lang='lat' dir='ltr'>repletur</span> <span class='ocrx_word' id='word_1_226' title='bbox 796 3736 872 3799; x_wconf 84' lang='lat' dir='ltr'>lecte,</span> <span class='ocrx_word' id='word_1_227' title='bbox 891 3734 964 3803; x_wconf 81' lang='lat' dir='ltr'>quod</span> <span class='ocrx_word' id='word_1_228' title='bbox 982 3736 1070 3788; x_wconf 80' lang='lat' dir='ltr'>orbais</span> 
     </span>
    </p>

    <p class='ocr_par' dir='ltr' id='par_1_9' title="bbox 271 3821 1067 3891">
     <span class='ocr_line' id='line_1_33' title="bbox 271 3821 1067 3891; baseline -0.006 -14"><span class='ocrx_word' id='word_1_229' title='bbox 271 3827 323 3878; x_wconf 89' lang='grc'>815</span> <span class='ocrx_word' id='word_1_230' title='bbox 341 3824 459 3891; x_wconf 80' lang='lat' dir='ltr'>impetes</span> <span class='ocrx_word' id='word_1_231' title='bbox 476 3823 507 3876; x_wconf 86' lang='lat' dir='ltr'>e&#39;rr</span> <span class='ocrx_word' id='word_1_232' title='bbox 525 3839 656 3878; x_wconf 85' lang='lat' dir='ltr'>mammas</span> <span class='ocrx_word' id='word_1_233' title='bbox 675 3824 842 3877; x_wconf 78' lang='lat' dir='ltr'>eoremtitur</span> <span class='ocrx_word' id='word_1_234' title='bbox 860 3823 906 3875; x_wconf 83' lang='lat' dir='ltr'>iile</span> <span class='ocrx_word' id='word_1_235' title='bbox 924 3821 1067 3876; x_wconf 84' lang='lat' dir='ltr'>oiimemii’.</span> 
     </span>
    </p>
   </div>
   <div class='ocr_carea' id='block_1_8' title="bbox 143 3926 1336 4635">
    <p class='ocr_par' dir='ltr' id='par_1_10' title="bbox 143 3926 1336 4635">
     <span class='ocr_line' id='line_1_34' title="bbox 144 3926 1336 4013; baseline -0.001 -20"><span class='ocrx_word' id='word_1_236' title='bbox 144 3946 217 4010; x_wconf 89' lang='lat' dir='ltr'>quos</span> <span class='ocrx_word' id='word_1_237' title='bbox 241 3946 349 3994; x_wconf 86' lang='lat' dir='ltr'>versus</span> <span class='ocrx_word' id='word_1_238' title='bbox 373 3947 478 3994; x_wconf 90' lang='lat' dir='ltr'>omnes</span> <span class='ocrx_word' id='word_1_239' title='bbox 500 3929 601 4013; x_wconf 90' lang='lat' dir='ltr'>primo</span> <span class='ocrx_word' id='word_1_240' title='bbox 625 3929 758 3994; x_wconf 84' lang='lat' dir='ltr'>fortasse</span> <span class='ocrx_word' id='word_1_241' title='bbox 782 3926 895 3992; x_wconf 89' lang='lat' dir='ltr'>obtutu</span> <span class='ocrx_word' id='word_1_242' title='bbox 927 3927 1108 3992; x_wconf 88' lang='lat' dir='ltr'>cumulandi</span> <span class='ocrx_word' id='word_1_243' title='bbox 1135 3927 1239 3992; x_wconf 87' lang='lat' dir='ltr'>studio</span> <span class='ocrx_word' id='word_1_244' title='bbox 1272 3927 1336 3992; x_wconf 83' lang='lat' dir='ltr'>ab··</span> 
     </span>
     <span class='ocr_line' id='line_1_35' title="bbox 143 4030 1327 4114; baseline -0.002 -18"><span class='ocrx_word' id='word_1_245' title='bbox 143 4033 247 4114; x_wconf 84' lang='lat' dir='ltr'>raptus</span> <span class='ocrx_word' id='word_1_246' title='bbox 271 4032 469 4114; x_wconf 83' lang='lat' dir='ltr'>exscripsisse</span> <span class='ocrx_word' id='word_1_247' title='bbox 493 4033 550 4098; x_wconf 89' lang='lat' dir='ltr'>tibi</span> <span class='ocrx_word' id='word_1_248' title='bbox 574 4032 689 4098; x_wconf 88' lang='lat' dir='ltr'>videor.</span> <span class='ocrx_word' id='word_1_249' title='bbox 713 4033 766 4096; x_wconf 87' lang='lat' dir='ltr'>sed</span> <span class='ocrx_word' id='word_1_250' title='bbox 792 4031 979 4114; x_wconf 88' lang='lat' dir='ltr'>quicumque</span> <span class='ocrx_word' id='word_1_251' title='bbox 996 4032 1099 4095; x_wconf 91' lang='lat' dir='ltr'>totum</span> <span class='ocrx_word' id='word_1_252' title='bbox 1122 4030 1204 4096; x_wconf 89' lang='lat' dir='ltr'>hunc</span> <span class='ocrx_word' id='word_1_253' title='bbox 1220 4031 1327 4096; x_wconf 87' lang='lat' dir='ltr'>locum</span> 
     </span>
     <span class='ocr_line' id='line_1_36' title="bbox 145 4133 1335 4220; baseline -0.003 -21"><span class='ocrx_word' id='word_1_254' title='bbox 145 4136 320 4201; x_wconf 85' lang='lat' dir='ltr'>accuratius</span> <span class='ocrx_word' id='word_1_255' title='bbox 343 4135 578 4220; x_wconf 85' lang='lat' dir='ltr'>perlustraverit</span> <span class='ocrx_word' id='word_1_256' title='bbox 600 4140 693 4218; x_wconf 89' lang='lat' dir='ltr'>atque</span> <span class='ocrx_word' id='word_1_257' title='bbox 717 4137 887 4201; x_wconf 88' lang='lat' dir='ltr'>contulerit</span> <span class='ocrx_word' id='word_1_258' title='bbox 911 4154 982 4198; x_wconf 91' lang='lat' dir='ltr'>cum</span> <span class='ocrx_word' id='word_1_259' title='bbox 997 4134 1054 4199; x_wconf 89' lang='lat' dir='ltr'>illa</span> <span class='ocrx_word' id='word_1_260' title='bbox 1071 4133 1174 4200; x_wconf 86' lang='lat' dir='ltr'>Ovidii</span> <span class='ocrx_word' id='word_1_261' title='bbox 1191 4133 1335 4216; x_wconf 72' lang='lat' dir='ltr'>descrip-</span> 
     </span>
     <span class='ocr_line' id='line_1_37' title="bbox 144 4238 1327 4324; baseline 0.001 -21"><span class='ocrx_word' id='word_1_262' title='bbox 144 4238 225 4304; x_wconf 90' lang='lat' dir='ltr'>tione</span> <span class='ocrx_word' id='word_1_263' title='bbox 249 4258 343 4322; x_wconf 91' lang='lat' dir='ltr'>supra</span> <span class='ocrx_word' id='word_1_264' title='bbox 365 4241 533 4324; x_wconf 89' lang='lat' dir='ltr'>proposita,</span> <span class='ocrx_word' id='word_1_265' title='bbox 559 4260 629 4306; x_wconf 90' lang='lat' dir='ltr'>eum</span> <span class='ocrx_word' id='word_1_266' title='bbox 654 4241 789 4305; x_wconf 89' lang='lat' dir='ltr'>libenter</span> <span class='ocrx_word' id='word_1_267' title='bbox 812 4257 1032 4304; x_wconf 87' lang='lat' dir='ltr'>concessurum</span> <span class='ocrx_word' id='word_1_268' title='bbox 1056 4258 1122 4304; x_wconf 90' lang='lat' dir='ltr'>esse</span> <span class='ocrx_word' id='word_1_269' title='bbox 1156 4258 1244 4322; x_wconf 87' lang='lat' dir='ltr'>spero</span> <span class='ocrx_word' id='word_1_270' title='bbox 1269 4238 1327 4304; x_wconf 91' lang='lat' dir='ltr'>hoo</span> 
     </span>
     <span class='ocr_line' id='line_1_38' title="bbox 145 4341 1330 4425; baseline -0.001 -19"><span class='ocrx_word' id='word_1_271' title='bbox 145 4341 260 4408; x_wconf 90' lang='lat' dir='ltr'>crimen</span> <span class='ocrx_word' id='word_1_272' title='bbox 295 4342 407 4408; x_wconf 90' lang='lat' dir='ltr'>iniuria</span> <span class='ocrx_word' id='word_1_273' title='bbox 440 4343 473 4409; x_wconf 90' lang='lat' dir='ltr'>in</span> <span class='ocrx_word' id='word_1_274' title='bbox 508 4363 558 4408; x_wconf 93' lang='lat' dir='ltr'>me</span> <span class='ocrx_word' id='word_1_275' title='bbox 593 4344 740 4422; x_wconf 88' lang='lat' dir='ltr'>conferri,</span> <span class='ocrx_word' id='word_1_276' title='bbox 776 4343 849 4425; x_wconf 89' lang='lat' dir='ltr'>quia</span> <span class='ocrx_word' id='word_1_277' title='bbox 884 4342 1015 4407; x_wconf 89' lang='lat' dir='ltr'>Ovidius</span> <span class='ocrx_word' id='word_1_278' title='bbox 1050 4362 1086 4408; x_wconf 82' lang='lat' dir='ltr'>en</span> <span class='ocrx_word' id='word_1_279' title='bbox 1108 4343 1166 4408; x_wconf 88' lang='lat' dir='ltr'>hac</span> <span class='ocrx_word' id='word_1_280' title='bbox 1188 4341 1330 4424; x_wconf 89' lang='lat' dir='ltr'>descrip-</span> 
     </span>
     <span class='ocr_line' id='line_1_39' title="bbox 145 4446 1327 4530; baseline 0.002 -22"><span class='ocrx_word' id='word_1_281' title='bbox 145 4447 224 4511; x_wconf 91' lang='lat' dir='ltr'>tione</span> <span class='ocrx_word' id='word_1_282' title='bbox 247 4446 593 4530; x_wconf 70' lang='lat' dir='ltr'>Lucretianaplurime</span> <span class='ocrx_word' id='word_1_283' title='bbox 616 4448 811 4530; x_wconf 86' lang='lat' dir='ltr'>deprompsit</span> <span class='ocrx_word' id='word_1_284' title='bbox 835 4452 928 4530; x_wconf 87' lang='lat' dir='ltr'>atque</span> <span class='ocrx_word' id='word_1_285' title='bbox 951 4446 985 4510; x_wconf 90' lang='lat' dir='ltr'>in</span> <span class='ocrx_word' id='word_1_286' title='bbox 1009 4466 1101 4512; x_wconf 89' lang='lat' dir='ltr'>nsum</span> <span class='ocrx_word' id='word_1_287' title='bbox 1131 4465 1223 4511; x_wconf 89' lang='lat' dir='ltr'>suum</span> <span class='ocrx_word' id='word_1_288' title='bbox 1253 4464 1327 4511; x_wconf 91' lang='lat' dir='ltr'>oon-</span> 
     </span>
     <span class='ocr_line' id='line_1_40' title="bbox 144 4539 1335 4635; baseline 0.002 -24"><span class='ocrx_word' id='word_1_289' title='bbox 144 4549 248 4616; x_wconf 85' lang='lat' dir='ltr'>vertit.</span> <span class='ocrx_word' id='word_1_290' title='bbox 270 4568 343 4616; x_wconf 90' lang='lat' dir='ltr'>nam</span> <span class='ocrx_word' id='word_1_291' title='bbox 367 4550 393 4616; x_wconf 92' lang='lat' dir='ltr'>si</span> <span class='ocrx_word' id='word_1_292' title='bbox 418 4551 543 4635; x_wconf 84' lang='lat' dir='ltr'>singula</span> <span class='ocrx_word' id='word_1_293' title='bbox 565 4554 750 4633; x_wconf 76' lang='lat' dir='ltr'>spectamus</span> <span class='ocrx_word' id='word_1_294' title='bbox 783 4555 855 4616; x_wconf 90' lang='lat' dir='ltr'>ante</span> <span class='ocrx_word' id='word_1_295' title='bbox 879 4539 985 4615; x_wconf 86' lang='lat' dir='ltr'>omnia</span> <span class='ocrx_word' id='word_1_296' title='bbox 1008 4551 1182 4615; x_wconf 90' lang='lat' dir='ltr'>notandum</span> <span class='ocrx_word' id='word_1_297' title='bbox 1212 4551 1262 4614; x_wconf 90' lang='lat' dir='ltr'>est</span> <span class='ocrx_word' id='word_1_298' title='bbox 1284 4549 1335 4627; x_wconf 36' lang='lat' dir='ltr'>idq</span> 
     </span>
    </p>
   </div>
   <div class='ocr_carea' id='block_1_9' title="bbox 0 0 1689 5132">
    <p class='ocr_par' dir='ltr' id='par_1_11' title="bbox 0 0 1689 5132">
     <span class='ocr_line' id='line_1_41' title="bbox 0 0 1689 5132; baseline 0 0"><span class='ocrx_word' id='word_1_299' title='bbox 0 0 1689 5132; x_wconf 95' lang='lat' dir='ltr'> </span> 
     </span>
    </p>
   </div>
  </div>
 </body>
</html>
