3370 5134
789 551 1022 616 -180-

412 741 473 809 Sed
495 743 558 806 iam
580 740 708 825 longum
731 759 804 805 sane
827 741 888 804 iter
910 739 1028 804 emensi
1043 738 1137 803 finem
1153 741 1281 805 tandem
1296 739 1497 820 imponamus

314 846 387 910 huic
409 845 517 910 libello
540 848 633 926 atque
650 862 702 909 eas
718 863 778 925 res,
803 861 880 927 quas
895 843 1049 924 dispersas
1066 841 1177 906 multis
1191 843 1269 918 locis
1286 841 1493 924 exposuimus,

312 950 376 1014 iam
398 949 602 1031 congregatas
627 948 684 1012 sub
708 948 889 1029 adspectum
912 947 1113 1011 subiciamus.
1138 945 1273 1010 vidimus
1296 947 1393 1029 igitur
1416 944 1492 1010 Ovi·

312 1052 400 1116 dium
423 1051 648 1116 similitudines
671 1069 767 1133 quam
791 1050 941 1133 plurimas
964 1048 1140 1114 exhibuisse
1164 1050 1198 1113 iu
1215 1049 1404 1114 carminibus
1428 1050 1493 1114 suis

313 1174 426 1237 easque
449 1154 585 1236 undique
607 1173 644 1220 ex
666 1155 752 1219 omni
775 1158 890 1219 natura
912 1173 1016 1219 rerum
1038 1155 1152 1236 petitas
1174 1154 1230 1232 ita,
1260 1157 1295 1218 ut
1317 1155 1493 1238 imaginum

312 1261 345 1324 et
368 1276 494 1323 numero
517 1259 550 1322 et
571 1258 724 1324 varietate
748 1261 866 1323 ceteros
889 1264 997 1341 poetas
1019 1258 1110 1342 longe
1139 1261 1274 1341 superet.
1307 1277 1384 1341 quas
1411 1257 1492 1324 ima-

310 1363 397 1446 gines
420 1366 475 1427 aut
497 1382 534 1427 ex
556 1363 665 1444 poetis
689 1381 820 1445 quorum
851 1361 991 1427 carmina
1019 1362 1144 1429 assidua
1173 1362 1307 1428 lectione
1335 1364 1491 1441 tractavit,

312 1466 483 1549 desumpsit
505 1469 560 1532 aut
583 1485 619 1530 ex
642 1466 726 1532 vitae
749 1466 907 1530 communi
930 1483 999 1545 usu,
1024 1484 1085 1547 qua
1107 1465 1141 1530 in
1163 1484 1196 1530 re
1213 1465 1492 1550 diligentissimum

311 1592 426 1655 eorum,
450 1571 583 1653 quaein
605 1568 720 1633 mundo
743 1571 818 1633 sunt
841 1587 877 1634 ac
899 1568 989 1643 fiunt,
1014 1569 1154 1633 omnium
1170 1568 1402 1634 observatorem
1424 1589 1493 1636 sese

309 1674 462 1759 praebuit.
497 1678 589 1756 atque
611 1674 692 1738 inter
714 1677 832 1756 poetas,
857 1691 988 1755 quorum
1011 1671 1146 1755 vestigia
1167 1671 1200 1737 in
1227 1671 1491 1740 similitudinibus

212 1827 215 1832 >
310 1778 537 1846 conscribendis
553 1778 676 1860 pressit,
698 1777 836 1860 primum
858 1776 961 1841 locum
977 1776 1118 1840 obtinent
1133 1776 1299 1855 Homerus,
1314 1777 1490 1857 Lucretius,

310 1882 482 1966 Vergilius,
510 1883 628 1947 ceteros
650 1881 809 1946 rarissime
831 1885 863 1945 in
886 1899 977 1945 usum
1001 1900 1092 1945 suum
1114 1879 1277 1945 convertit.
1320 1881 1369 1946 his
1391 1882 1489 1965 igitur

309 1986 549 2071 pulcherrimas,
586 1983 699 2066 quibus
736 1983 875 2048 carmina
902 2001 958 2047 sua
986 1977 1161 2061 exornavit,
1197 1982 1292 2048 debet
1319 1985 1485 2069 imagines.

307 2109 407 2174 neque
437 2109 509 2155 vero
538 2107 571 2154 se
600 2091 703 2153 totum
731 2089 770 2151 ad
793 2107 916 2166 eorum,
945 2106 1021 2170 quos
1043 2087 1189 2152 imitatus
1212 2091 1281 2166 est,
1314 2093 1492 2172 composuit

307 2195 494 2278 exemplum,
518 2194 572 2258 sed
594 2210 672 2274 quae
696 2192 734 2256 ab
757 2191 829 2256 aliis
852 2194 1014 2257 mutuatus
1038 2195 1086 2256 est
1108 2191 1249 2256 variavit
1265 2195 1362 2276 atque¹
1375 2196 1488 2276 ampli·

306 2298 414 2364 ficavit
435 2298 490 2375 ita,
514 2300 551 2361 ut
572 2296 684 2361 meritc
707 2295 836 2379 gloriari
858 2300 963 2377 posset
986 2313 1018 2360 se
1041 2314 1077 2360 ea
1100 2299 1261 2377 tamqnam
1278 2297 1406 2379 propria
1429 2297 1491 2384 sibi

308 2401 424 2466 fecisse.
447 2400 626 2483 saepissime
641 2400 673 2464 in
690 2398 880 2482 imaginibus
896 2399 1117 2464 concinnandis
1130 2402 1292 2481 poetarum
1304 2400 1488 2465 Latinorum

307 2525 424 2570 morem
446 2507 571 2569 secutus
595 2502 859 2569 contaminatione
881 2521 956 2566 usus
979 2504 1035 2583 est,
1060 2501 1179 2567 duobus
1203 2501 1398 2567 diversorum
1413 2523 1487 2587 poo-

306 2615 410 2674 taium
434 2608 508 2673 locis
532 2609 563 2670 in
586 2607 737 2672 auxilium
762 2609 890 2672 vocetis.
920 2605 978 2670 hac
1000 2605 1099 2691 igitur
1121 2607 1153 2671 in
1176 2626 1210 2671 re
1235 2624 1395 2671 summum
1416 2608 1485 2673 eius

305 2714 466 2795 ingenium
489 2714 581 2795 atque
603 2730 726 2777 summa
746 2729 796 2776 ars
815 2711 1014 2793 conspicitur.
1037 2730 1113 2794 quas
1128 2712 1232 2775 autem
1250 2729 1285 2775 ex
1301 2711 1384 2776 vitae
1400 2730 1484 2777 ccm-

301 2797 394 2880 'muni
416 2834 476 2880 usu
498 2814 624 2897 repetiit
647 2815 815 2898 imagines,
846 2832 899 2878 eae
926 2813 1108 2896 plerumque
1135 2813 1387 2896 simplicissimae
1409 2820 1485 2880 sunt

304 2937 402 3001 neque
425 2918 483 2983 tali
507 2921 582 2996 arte,
606 2917 694 2999 quali
710 2919 740 2981 in
757 2917 986 2983 imitationibus
1002 2935 1076 2981 usus
1093 2920 1149 3000 est,
1166 2916 1367 2998 compositae.
1391 2921 1486 3001 atque

305 3024 389 3088 idem
411 3022 495 3087 valet
518 3022 556 3086 de
579 3021 638 3099 eis,
667 3039 743 3102 quas
766 3021 831 3103 ipse
855 3019 1059 3103 excogitavit,
1082 3020 1291 3103 imaginibus,
1315 3019 1349 3085 in
1372 3024 1484 3104 quibus

305 3144 403 3207 neque
426 3143 540 3210 magna
562 3123 706 3190 sollertia
727 3123 917 3190 inventionis
940 3122 1131 3205 conspicitur
1159 3143 1258 3207 neque
1287 3126 1315 3188 is
1346 3128 1484 3204 ornatus,

305 3247 363 3311 quo
386 3229 620 3304 similitudines,
644 3245 720 3311 quas
744 3247 779 3292 ex
803 3227 874 3292 aliis
896 3228 995 3311 poetis
1020 3227 1221 3311 deprompsit,
1246 3228 1413 3296 excellunt.

406 3332 465 3398 His
487 3332 586 3415 igitur
608 3349 703 3414 quam
724 3331 908 3398 brevissime
923 3330 1070 3416 expositis
1085 3332 1150 3395 iam
1165 3330 1284 3396 rivulos
1300 3331 1484 3396 claudamus

302 3438 408 3519 atque,
437 3438 474 3500 ut
495 3434 669 3518 legentibus
693 3434 814 3499 facilior
836 3434 879 3498 sit
901 3434 1005 3499 aditus
1028 3434 1068 3498 ad
1091 3452 1143 3511 ea,
1173 3452 1250 3516 quae
1279 3435 1341 3500 hoc
1373 3435 1483 3501 libello

300 3539 543 3623 disputavimus,
567 3541 631 3602 tres
653 3536 859 3622 adiungamus
881 3536 1017 3620 indices,
1041 3556 1138 3602 unum
1161 3538 1335 3619 imaginum
1353 3536 1483 3602 Ovidia·

302 3661 411 3708 narum
435 3641 604 3707 secundum
626 3660 685 3721 res,
710 3659 787 3723 qnae
811 3641 854 3705 eis
883 3640 1088 3718 continentur,
1117 3639 1316 3722 digestarum,
1346 3640 1482 3706 alterum

302 3765 407 3812 eorum
423 3744 527 3811 Ovidii
549 3745 704 3820 locorum,
727 3762 804 3826 qnos
826 3745 947 3820 praeter
970 3744 1061 3810 modo
1084 3746 1340 3809 commemoratos
1363 3743 1397 3809 in
1419 3744 1479 3810 hac

301 3849 517 3917 dissertatione
540 3847 763 3925 tractavimus,
786 3846 917 3911 tertium
940 3848 1072 3931 denique
1100 3847 1240 3913 locorum
1268 3849 1349 3929 apud
1373 3851 1480 3930 poetas

301 3953 411 4020 Ovidio
433 3951 535 4016 aetate
558 3950 729 4034 superiores
745 3951 930 4028 extantium,
954 3969 1029 4034 qucs
1050 3951 1105 4016 ille
1129 3953 1162 4015 in
1185 3949 1378 4036 imaginibus
1396 3968 1482 4015 com-

300 4057 449 4141 ponendis
472 4056 617 4121 imitatus
639 4073 705 4120 esse
728 4055 859 4119 videtur.
