3370 5134
629 527 863 592 -119-

360 719 441 788 quote
458 718 610 772 coloratum
631 715 742 772 Tithoni
760 716 873 785 coniuge
891 715 996 770 coctum

408 805 545 869 subrubet,
564 809 614 858 out
631 818 731 872 moneo
749 801 809 856 celeo
822 802 922 870 puello
939 817 1022 855 noco:

359 891 439 960 quola
455 907 536 944 rosae
553 889 663 960 fulgent
681 889 757 942 teter
774 903 827 940 soa
844 887 905 942 tilio
923 888 1035 952 miratae,

408 982 458 1030 aot
476 977 523 1030 abi
540 977 661 1031 cantetis
680 975 766 1030 Laco
784 973 890 1027 loborat
909 973 994 1042 equis,

355 1068 407 1118 aot
423 1061 505 1132 qood,
524 1078 560 1117 ac
577 1061 666 1130 longis
682 1060 827 1128 flavescere
841 1061 931 1128 possit
949 1059 983 1112 ab
1002 1058 1095 1122 onom,

407 1148 534 1203 Maeonis
553 1148 699 1218 Assyrium
716 1147 821 1215 fenino
839 1145 925 1200 teneo
943 1145 1019 1201 ebor.

147 1237 228 1303 hane
250 1238 493 1321 descriptionem
514 1238 616 1302 totam
638 1235 790 1301 conflavit
806 1234 936 1300 Ovidius
960 1252 975 1297 e
1000 1232 1158 1299 veriorum
1174 1233 1337 1315 poetarum

147 1340 335 1408 imitatione.
358 1345 452 1424 atqua
475 1343 508 1408 in
522 1341 668 1424 imagine,
693 1357 775 1421 quae
791 1339 825 1404 in
841 1357 933 1404 versu
950 1336 1044 1402 tertio
1059 1336 1188 1420 legitur,
1203 1332 1338 1416 praeivit

146 1444 340 1526 Propertius,
375 1446 458 1528 apud
492 1462 586 1526 quem
608 1444 641 1508 II
665 1443 695 1521 3,
718 1444 739 1508 9
763 1460 829 1526 sqq.
873 1443 912 1506 Β.
934 1441 1020 1518 hoec,
1056 1443 1139 1505 certe
1161 1437 1334 1514 simillima,

146 1548 314 1632 leguntur:

353 1649 403 1688 aec
419 1649 461 1686 me
478 1638 535 1687 tam
551 1633 645 1700 facies,
664 1631 788 1702 quamvis
805 1632 841 1685 sit
859 1628 989 1696 cootdido,
1009 1630 1080 1698 cepit

404 1720 479 1788 outa
497 1735 553 1774 oon
572 1720 683 1774 elmuino
702 1723 769 1773 seat
786 1719 874 1787 mepte
891 1718 955 1771 albo
972 1731 1032 1770 meo

354 1811 380 1861 et
398 1806 542 1861 Maeotica
558 1806 618 1869 ota,
636 1805 722 1858 rotato
740 1805 765 1858 ea'
782 1809 870 1858 certat
887 1803 1001 1868 Hibero,

405 1899 491 1962 atquc
508 1908 587 1946 rosae
601 1908 677 1960 poro
695 1893 763 1946 tacte
781 1895 885 1945 notant
902 1891 995 1957 sotto),

355 1994 406 2033 aec
423 1978 457 2032 de
475 1995 551 2032 more
569 1994 659 2032 comae
673 1994 730 2046 per
747 1978 907 2033 tona-eota
923 1977 1045 2044 fluentes,

403 2079 462 2119 oon
479 2065 560 2132 couti,
577 2066 715 2135 geminae,
734 2063 827 2118 sidero
845 2069 949 2128 nostra,
968 2067 1051 2130 socco.

142 2170 239 2234 quem
262 2152 365 2217 locum
388 2151 534 2218 Ovidium
569 2152 727 2217 memoria
759 2171 816 2216 sua
838 2151 979 2217 tenuisse
1002 2154 1032 2214 et
1055 2168 1111 2233 per
1132 2165 1165 2212 se
1188 2143 1337 2212 credibile

142 2258 194 2321 est
215 2260 247 2321 et
269 2257 342 2322 inde
364 2257 516 2337 arguitur,
540 2259 622 2339 quod
654 2257 825 2322 extremum
851 2276 974 2322 versum
999 2257 1071 2319 Am.
1093 2254 1126 2318 Il
1152 2253 1202 2330 16,
1225 2248 1268 2314 44
1290 2249 1336 2312 sie

142 2359 288 2425 imitatus
314 2365 378 2427 est:

397 2459 452 2512 per
470 2459 512 2498 mc
525 2460 635 2512 perque
653 2446 750 2510 ocutos,
769 2443 862 2498 sidera
879 2450 983 2508 nemra,
1003 2452 1070 2504 tace.

140 2551 205 2613 que
227 2531 406 2598 imitatione
431 2532 505 2617 quid
518 2533 685 2612 ecficiatur,
708 2537 818 2617 postea
840 2533 965 2598 uberius
989 2549 1150 2614 exponam,
1174 2527 1331 2610 cumipse

140 2633 319 2717 disputatio
332 2636 370 2700 ad
385 2636 585 2722 Propertium
601 2638 770 2702 devenerit.
789 2657 897 2703 varum
915 2639 1021 2702 tamen
1037 2631 1187 2699 Ovidium
1204 2651 1282 2710 eam,
1297 2635 1334 2698 de

141 2756 207 2820 qua
219 2739 408 2822 quaerimus,
421 2741 592 2824 imaginem
606 2743 788 2824 neutiquam
802 2760 838 2806 ex
849 2739 1069 2822 hocPropertii
1083 2737 1152 2803 loco
1166 2737 1334 2820 depromp-

140 2840 223 2906 sisse
256 2859 328 2906 mer
360 2842 527 2925 adparebit
560 2845 753 2927 reliquorum
786 2845 950 2927 poetarum
973 2839 1165 2926 imaginibus
1188 2840 1332 2906 eiusdem

140 2945 267 3028 generis
290 2947 461 3012 recensitis.

229 3047 397 3130 Reparitur
405 3053 487 3116 euim
495 3053 663 3133 persimilis
671 3051 777 3136 imago
785 3050 819 3115 in
827 3050 980 3135 Lygdami
990 3048 1183 3134 elegiaIVv.
1195 3049 1237 3114 29
1246 3066 1332 3132 sqq:

349 3152 457 3207 condor
475 3160 544 3218 erat,
564 3155 670 3223 qualem
684 3152 813 3223 praefert
831 3153 957 3207 Latonia
974 3152 1068 3217 moa

401 3243 426 3292 et
444 3239 516 3293 color
533 3241 565 3294 a'o
582 3241 663 3294 oioco
680 3254 793 3307 corpore
811 3254 981 3308 purpureus,

349 3329 374 3378 et
390 3325 487 3379 taccat
501 3327 627 3395 primum
643 3327 721 3395 oirpo
740 3325 860 3380 deducto
877 3327 976 3379 monto

401 3411 527 3477 inficitur
543 3418 652 3468 tenerae
670 3429 718 3467 ora
735 3413 840 3466 nitente
856 3427 948 3481 pocae,

350 3502 400 3552 oct
419 3513 482 3551 com
499 3504 650 3554 conteeant
668 3499 825 3553 amarantis
842 3497 906 3550 albu
923 3497 1037 3566 puellae

402 3583 464 3637 letio
483 3588 508 3639 et
527 3591 660 3639 autumno
678 3582 800 3638 condida
818 3581 1015 3636 maturabant.

146 3665 231 3732 hune
255 3686 375 3752 queque
397 3671 501 3736 locum
524 3670 673 3755 magnam
696 3672 760 3736 vim
790 3670 823 3734 in
847 3668 952 3735 Ovidii
985 3674 1123 3737 mentam
1157 3670 1328 3736 exercuisse

137 3770 212 3834 tum
238 3770 532 3851 demonstrabimus,
558 3794 629 3840 eum
653 3776 691 3840 de
714 3775 945 3842 imitationibus
978 3775 1017 3841 ad
1040 3773 1162 3840 Tibulli
1191 3773 1328 3839 carmina

138 3867 341 3939 redeuntibus
366 3869 556 3960 disputaturi
579 3897 704 3944 sumus.
730 3878 782 3944 hic
796 3879 874 3945 satis
893 3881 959 3946 esto
974 3879 1032 3944 boe
1047 3898 1145 3956 unum
1159 3877 1328 3948 monuisse.

137 3975 294 4042 Nasonem
318 3997 417 4061 neque
449 3981 488 4068 ad
510 3981 591 4046 hane
616 3982 859 4048 similitudinem
892 3983 1063 4066 imaginem
1095 3999 1187 4048 suam
1209 3980 1329 4048 eonfer-

136 4097 248 4146 masse.
284 4099 357 4146 nam
390 4085 575 4166 perlustrato
613 4086 679 4150 lece
712 4085 893 4168 Vergiliano
923 4090 1000 4153 Aen.
1025 4086 1088 4151 XII
1111 4087 1151 4152 67
1176 4105 1253 4172 sqq,
1276 4069 1330 4149 ubi

135 4182 226 4248 Maro
250 4183 399 4251 Lauiniae
422 4185 634 4253 erubescentis
671 4189 819 4268 colorem,
849 4189 903 4273 qui
925 4189 1056 4274 virginis
1080 4177 1126 4258 ori
1150 4189 1330 4272 nuptiarum

139 4285 300 4353 mentione
323 4288 405 4354 factu
427 4290 636 4373 suffunditur,
662 4291 744 4356 hunc
766 4291 797 4357 lu
820 4295 949 4358 modum
971 4291 1127 4376 depinxit:
1225 4327 1231 4389 ζ

345 4390 451 4446 Indum
468 4395 623 4463 sooqotoeo
642 4395 726 4448 ueluti
743 4394 886 4449 motaverit
905 4401 979 4450 ostro

348 4477 374 4530 ei
391 4477 454 4545 quie
472 4479 546 4544 ebor,
565 4486 614 4534 out
632 4482 720 4535 misto
737 4481 837 4534 rubeat
854 4481 903 4534 obi
921 4482 982 4536 letto
999 4481 1089 4536 molto

351 4561 414 4617 olba
432 4580 511 4618 roeo:
528 4567 593 4620 totis
611 4568 689 4636 otrpo
708 4566 791 4622 olebat
809 4583 856 4622 ore
875 4568 983 4631 colores,
