3366 5132
854 517 1062 583 -40-

985 707 1053 760 οὐδέ
1073 705 1101 759 τί
1120 723 1165 771 μιν
1184 707 1260 774 χρεὼ

571 800 651 861 νηῶν
672 796 834 862 ὠκυπόρων
856 795 1044 860 ἐπιβαινέμεν,
1064 794 1118 848 αἵθ’
1136 793 1204 858 ἁλὸς
1221 793 1301 848 ἵπποι

570 880 691 948 ἀνδράσι
709 879 865 945 γίγνονται,

371 985 409 1050 ef.
434 984 564 1066 denique
587 985 665 1050 Enn.
689 983 728 1051 fr.
753 984 815 1049 160
839 985 875 1050 V.
899 984 1030 1068 (Charis.
1056 985 1101 1050 IV
1124 985 1188 1050 272
1211 983 1278 1070 Κ.).

467 1087 585 1168 Quodsi
600 1089 637 1153 de
652 1087 700 1152 his
713 1089 914 1172 imaginibus,
931 1109 1007 1154 num
1020 1088 1150 1153 Ovidius
1166 1089 1362 1172 aliquatenus
1375 1088 1547 1153 Homerum

365 1191 560 1275 spectaverit,
583 1210 631 1257 res
655 1191 773 1256 incerte
795 1196 852 1268 est,
888 1192 1067 1257 certioribus
1090 1190 1214 1255 indiciis
1237 1189 1373 1274 probabo
1397 1191 1547 1256 similitu·

369 1296 472 1359 dinem
495 1299 598 1362 adres
621 1295 775 1361 militares
790 1297 1008 1378 pertinentem,
1033 1313 1111 1378 quae
1139 1297 1225 1361 extat
1240 1293 1316 1360 Met.
1332 1293 1379 1358 XI
1398 1295 1461 1360 525
1477 1312 1545 1376 sqq.

367 1397 521 1482 originem
544 1417 634 1463 snam
656 1401 769 1465 ducere
792 1398 831 1464 ab
854 1402 1001 1465 Homero.
1024 1397 1153 1464 Ovidius
1169 1401 1254 1464 enim
1268 1397 1364 1464 maris
1378 1397 1546 1480 procellam

352 1500 532 1583 permultis
553 1503 743 1587 imaginibus
766 1502 980 1568 illustraturus
1005 1521 1040 1567 ea
1062 1521 1183 1585 quoque
1206 1501 1308 1566 utitur
1330 1500 1546 1574 similitudine,

365 1624 428 1686 qua
451 1605 551 1670 undae
574 1605 607 1671 in
631 1607 719 1670 neris
743 1624 906 1689 compages
930 1606 1104 1672 insilientes
1128 1605 1329 1670 conferuntur
1357 1624 1427 1670 cum
1444 1604 1546 1670 milite

362 1707 448 1784 forti,
473 1709 536 1791 qui,
559 1709 722 1790 postquam
746 1727 838 1790 saepe
861 1709 978 1773 frustra
1011 1708 1142 1774 adsiluit
1164 1710 1261 1773 muris
1284 1707 1369 1773 urbis
1392 1708 1546 1790 defensae,

367 1811 494 1877 tandem
517 1811 601 1876 solus
624 1812 745 1876 moenia
768 1817 911 1894 occupet:

674 1970 681 1983 .
709 1969 715 1980 .
743 1970 749 1983 .
774 1937 805 1984 ut
823 1933 908 1994 miles,
929 1947 1044 1985 numero
1060 1932 1251 2000 praestantior
1269 1931 1351 1994 omni,

567 2034 629 2071 eum
647 2033 727 2084 saepe
746 2017 862 2071 adsiluit
881 2017 1010 2084 defensae
1027 2019 1166 2072 moenibus
1184 2018 1269 2077 urbis.

565 2119 613 2172 spe
627 2105 738 2171 potitur
756 2103 866 2156 tandem
883 2103 1030 2172 laudisque
1047 2119 1176 2158 accensus
1194 2120 1285 2157 amore

565 2189 638 2242 inter
656 2189 730 2242 mille
748 2189 822 2242 uiros
840 2205 949 2242 nurum
968 2195 1062 2243 tannen
1080 2194 1195 2257 occupat
1213 2205 1294 2253 unus,

564 2274 669 2328 sicubi
686 2275 835 2342 pulsarant
853 2276 965 2328 noviens
983 2275 1073 2328 lutera
1091 2275 1182 2328 ardua
1198 2275 1306 2342 finnus,

567 2364 671 2416 castius
688 2363 834 2433 insurpens
853 2361 972 2416 decimae
991 2364 1049 2416 ruit
1067 2364 1186 2431 inpetus
1204 2362 1297 2416 undae

526 2503 530 2512 ,v
566 2465 616 2503 nec
629 2450 712 2517 prins
730 2450 835 2503 absistit
851 2449 951 2516 fessam
970 2465 1132 2518 oppugnare
1150 2450 1281 2516 carinam,

566 2552 647 2603 quarn
664 2536 736 2590 uelut
754 2537 784 2589 in
803 2541 900 2604 captae
918 2535 1065 2589 descendat
1083 2537 1192 2589 moenia
1210 2535 1298 2589 nucis.

340 2659 439 2744 ⁸haec
461 2660 564 2745 imago
593 2660 679 2725 urbis
708 2661 972 2743 oppugnationem
1000 2663 1143 2742 spectans
1173 2662 1375 2724 continuatur
1403 2660 1543 2726 versibus

361 2763 575 2845 sequentibus,
599 2764 712 2847 quippe
735 2764 848 2844 quibus
871 2764 962 2845 polite
985 2763 1203 2846 navigantium
1233 2762 1380 2828 timorem
1402 2761 1544 2828 illustret

363 2866 538 2931 incolarum
562 2867 768 2949 trepidatione
790 2867 876 2931 urbis
900 2867 1112 2950 oppugnatae:

561 2993 633 3054 pars
650 2987 734 3055 igitur
751 2987 900 3053 temptabat
918 2985 1010 3040 adbuc
1027 2985 1158 3040 incudere
1171 2988 1282 3054 pinum,

562 3073 734 3140 peremeris
752 3073 827 3124 intus
846 3078 915 3126 erat.
934 3073 1077 3140 trepidant
1094 3072 1168 3126 band
1185 3073 1269 3126 setius
1288 3087 1385 3138 omnes,

565 3173 647 3226 quarn
665 3159 731 3212 solet
749 3158 822 3226 urbs,
841 3159 904 3212 aliis
921 3175 1032 3213 murum
1049 3159 1219 3226 fodientibus
1237 3164 1317 3214 entra

566 3249 649 3313 atque
667 3245 732 3298 aliis
749 3261 866 3309 nurum,
886 3245 1035 3313 trepidare,
1054 3245 1210 3300 tenentibus
1227 3247 1311 3300 intus.

359 3367 423 3430 qua
444 3349 479 3413 in
501 3348 708 3415 similitudine
731 3349 789 3415 hoo
804 3369 924 3434 quoque
941 3351 1035 3416 velim
1052 3351 1223 3416 observetis
1238 3351 1335 3416 verba
1349 3343 1431 3433 ‘pars
1447 3351 1545 3436 igitur

359 3455 535 3535 temptabat
553 3454 653 3522 adhue
676 3453 823 3524 invadere
845 3455 964 3538 pinum,
988 3475 1060 3538 pers
1083 3457 1177 3520 maris
1200 3457 1285 3520 intus
1308 3447 1385 3521 erat'
1408 3455 1453 3521 ita
1477 3472 1544 3520 esse

356 3558 546 3639 comparata,
570 3561 604 3621 ut
627 3557 750 3623 omissis
774 3560 901 3625 vocibus
922 3547 1035 3641 ‘pinus'
1060 3563 1090 3623 et
1112 3550 1220 3624 ‘mare'
1244 3558 1362 3640 optime
1384 3561 1545 3641 quadrent

361 3663 393 3722 in
417 3659 535 3725 milites
558 3661 695 3726 hostium
730 3661 840 3726 urbem
870 3663 1098 3745 expugnantes3
1134 3661 1240 3743 itaque
1262 3661 1321 3726 hoe
1344 3662 1544 3727 enuntiatum

359 3780 419 3826 non
442 3765 509 3827 tam
531 3763 569 3827 ad
593 3764 689 3828 maris
712 3764 884 3830 aestuantis
908 3763 1147 3846 descriptionem
1170 3763 1326 3846 quemad
1348 3765 1544 3846 ipsamima-

349 3865 465 3948 ginem
500 3866 538 3932 de
561 3867 647 3931 urbis
671 3869 902 3952 oppugnatione
936 3869 1206 3932 accommodatum
1240 3868 1298 3932 est.
1333 3869 1400 3933 tota
1435 3872 1544 3933 autem

360 3969 533 4035 similitudo
557 3969 788 4052 elegantissime
812 3971 985 4037 absolvitur
1008 3991 1038 4035 ν.
1062 3971 1140 4037 553:

562 4089 649 4155 unda,
668 4093 742 4145 uelut
759 4093 865 4156 uictrix,
884 4094 1051 4161 sinuataque
1069 4093 1183 4160 despicit
1202 4094 1302 4146 uvidas·

461 4213 582 4278 Harum
617 4213 864 4280 similitudinum
899 4214 1043 4299 singulae
1077 4216 1181 4296 partes
1219 4215 1258 4281 ad
1292 4212 1443 4280 amussim
1478 4213 1544 4278 fere

357 4317 543 4399 respondent
565 4317 696 4384 Homeri
717 4318 908 4402 imaginibus
931 4320 971 4384 Il.
987 4341 1006 4385 o
1023 4319 1083 4384 381
1102 4337 1181 4401 sqq„
1203 4318 1318 4400 quibus
1333 4318 1543 4383 Troianorum

357 4440 463 4505 pugna
485 4421 524 4488 ad
546 4422 739 4489 Achivorum
762 4427 866 4489 castra
889 4441 978 4488 muro
1001 4426 1033 4488 et
1061 4423 1145 4489 fossa
1175 4423 1299 4488 munita
1326 4420 1542 4488 adumbratur.

354 4524 485 4590 'troiani
518 4526 603 4593 enim
636 4546 749 4610 magno
786 4547 856 4593 eum
891 4529 1012 4610 impetu
1043 4529 1075 4592 in
1110 4527 1215 4593 hostes
1239 4527 1393 4610 irruentes
1416 4545 1542 4612 murum

1663 3143 1670 3154 ·

1669 3329 1673 3572 l
