3370 5134
617 546 829 611 „97-

334 743 475 805 perarma,
495 753 556 790 coro
573 736 663 806 falpcs
681 739 728 802 (ιο.
747 734 835 800 Luna)
854 733 944 788 rodite
961 741 1092 805 argenteo
1106 736 1199 805 parre,

387 822 541 876 concedant
559 821 677 890 flammis
694 820 789 875 sidero
806 826 908 875 coacto
926 821 990 882 tois,

337 913 416 961 tanto
432 908 563 974 formosis
580 906 727 973 formosior
745 907 870 960 omnibus
887 906 937 960 iilo
955 912 1001 960 est.

111 1010 216 1077 ‘cuius
240 1013 387 1094 imaginis
410 1031 502 1077 usum
517 1011 648 1078 Ovidius
672 1012 750 1077 mihi
773 1030 809 1076 ex
824 1011 969 1075 Lucretio
992 1011 1156 1091 repetiisse
1178 1011 1314 1086 videtur,

126 1115 181 1198 qui
204 1115 256 1180 ΙΙΙ
279 1115 363 1180 1042
385 1134 451 1199 sqq.
477 1116 557 1180 hanc
573 1109 814 1182 similitudinem
836 1116 871 1178 in
886 1115 1012 1198 Epicuri
1035 1115 1163 1180 laudem
1178 1116 1313 1198 profert:

333 1235 394 1303 ipse
411 1235 554 1304 Epicuros
571 1235 606 1289 tit
624 1235 738 1289 droarso
755 1235 859 1288 lamiae
876 1235 957 1300 attae,

336 1322 383 1389 qai
400 1315 658 1390 peaus'bomarrom
674 1322 785 1392 inperio
803 1321 947 1390 soporavit
964 1325 991 1374 et
1008 1322 1095 1375 omnis

334 1408 489 1472 restiacoit,
507 1407 598 1461 stellas
616 1413 731 1462 exortos
748 1412 782 1460 rot
799 1407 939 1461 aetherios
956 1408 1005 1462 sol.

125 1547 203 1594 nam
227 1548 381 1615 nusquam
405 1529 486 1612 apud
509 1533 628 1595 ceteros
651 1533 760 1610 poetas
783 1529 898 1595 similis
921 1530 1081 1594 invenitur
1103 1531 1216 1613 imago,
1251 1549 1315 1614 qua

124 1633 204 1698 luna
219 1637 275 1698 aut
290 1634 337 1698 sol
352 1635 435 1698 inter
452 1634 558 1698 stellas
575 1634 731 1698 collucens
748 1633 920 1712 exhibetur,
937 1634 999 1698 nisi
1014 1633 1096 1716 quod
1112 1635 1312 1717 aliquatenus

125 1757 164 1801 ea
186 1737 365 1812 similitudo
401 1739 433 1802 in
457 1737 495 1802 Il.
521 1744 539 1802 θ
563 1738 698 1803 conferri
720 1740 833 1819 potest,
868 1757 905 1801 ex
928 1756 989 1820 qua
1011 1739 1100 1822 ignes
1123 1739 1163 1803 ad
1187 1739 1311 1806 Troiam

125 1841 217 1906 nocte
239 1840 361 1906 accensi
384 1842 548 1907 stellarum
581 1840 733 1922 praebent
757 1841 952 1922 adspectum,
988 1859 1066 1924 quae
1088 1845 1174 1908 eaelo
1206 1861 1315 1907 sereno

125 1945 213 2010 eirca
234 1945 342 2010 lunam
366 1951 557 2026 comparent,
583 1944 623 2009 of.
647 1964 676 2009 ν.
695 1946 760 2012 555
783 1963 869 2026 sqq:

335 2066 375 2128 ὡς
393 2065 417 2117 δ’
436 2066 479 2119 ὅτ’
497 2065 529 2118 ἑν
548 2065 664 2133 οὐρανῷ
684 2065 776 2133 ἄστρα
796 2067 920 2132 φαεινὴν
939 2065 1012 2132 ἀμφὶ
1031 2065 1157 2134 σελήνην

334 2149 447 2218 φαίνετ’
465 2150 632 2219 ἀριπρεπέα,
652 2152 701 2205 ὅτε
719 2150 745 2203 τ’
764 2151 867 2205 ἔπλετο
885 2151 1008 2218 νήνεμος
1027 2151 1125 2220 αἰθήρ·

334 2237 430 2291 πάντα
449 2237 481 2290 δέ
498 2237 523 2290 τ’
541 2237 649 2291 εἴδεται
667 2237 768 2304 ἄστρα,
786 2237 893 2304 γέγηθε
912 2237 945 2290 δέ
963 2254 996 2293 τε
1014 2239 1108 2306 φρένα
1126 2238 1245 2306 ποιμήν·

124 2361 207 2427 hanc
231 2379 304 2436 vero
318 2361 447 2428 Homeri
470 2361 641 2444 imaginem
664 2378 726 2425 non
750 2365 817 2425 tam
839 2378 934 2444 prope
949 2364 1093 2425 accedere
1116 2360 1252 2441 adeum,
1277 2361 1316 2426 de

125 2483 186 2546 quo
210 2466 401 2547 quaerimus,
421 2454 526 2528 Ovidii
548 2465 653 2528 locum
676 2483 769 2547 quam
792 2463 931 2528 Lucretii
954 2463 1197 2529 similitudinem
1220 2484 1317 2546 supra

124 2569 320 2651 propositam
343 2570 427 2632 certe
450 2571 609 2634 concedas.
635 2568 751 2634 etenim
767 2567 826 2631 hoc
842 2571 889 2631 est
905 2566 1043 2631 Lucretii
1067 2572 1099 2631 et
1115 2566 1220 2633 Ovidii
1243 2585 1312 2650 pro-

124 2673 244 2753 prium,
268 2673 349 2754 quod
373 2673 454 2754 apud
479 2675 647 2754 utrumque
662 2677 788 2753 poetam
803 2673 905 2754 imago
929 2689 945 2735 e
968 2670 1097 2747 ratione,
1129 2690 1207 2755 quae
1230 2674 1314 2738 inter

84 2789 86 2794 '
125 2777 247 2841 ceteras
269 2775 378 2840 stellas
403 2777 435 2839 et
450 2775 615 2839 luciferum
632 2777 687 2839 aut
702 2775 810 2838 lunam
828 2778 884 2839 aut
899 2776 996 2839 solem
1013 2774 1186 2857 intercedit,
1210 2776 1315 2858 petita

126 2881 185 2957 est,
210 2878 244 2943 id
267 2878 349 2960 quod
372 2879 405 2941 in
428 2877 557 2942 Homeri
581 2877 824 2943 similitudinem
847 2877 1029 2960 neutiquam
1052 2877 1146 2944 cadit.

232 2998 291 3062 His
327 2998 589 3062 similitudinibus
620 2997 793 3062 adiunxisse
827 2999 948 3063 iuvabit
981 2998 1154 3080 imaginem
1181 3017 1197 3060 e
1221 2997 1316 3062 stella

125 3102 258 3167 cadente
283 3101 424 3184 petitam,
458 3120 518 3183 qna
540 3099 670 3165 Ovidius
704 3102 781 3166 milri
815 3094 920 3183 aperte
944 3101 1046 3165 loedm
1071 3101 1226 3183 quendam
1250 3101 1312 3166 Lu·

125 3207 302 3272 metianum
328 3207 514 3288 expressisse
538 3208 670 3270 videtur.
695 3205 728 3269 in
752 3209 828 3271 Met.
852 3207 936 3270 enim
960 3206 981 3271 l.
1005 3206 1037 3269 ll
1063 3206 1195 3270 Ovidius
1211 3205 1313 3270 Phae-

124 3311 281 3391 thontem,
305 3310 359 3391 qui
382 3309 513 3373 fulmine
537 3311 618 3386 ictus
642 3329 658 3373 e
682 3328 774 3374 curru
806 3310 1031 3390 praecipitatus
1065 3313 1113 3373 est
1146 3315 1239 3390 atque
1261 3328 1315 3389 per

126 3419 199 3478 aiere
223 3415 316 3496 longo
339 3414 442 3477 limite
467 3413 613 3492 trahitur,
639 3416 800 3494 comparat
823 3433 894 3478 cum
918 3413 1022 3492 stella,
1054 3431 1131 3494 quae
1161 3415 1198 3476 de
1228 3411 1314 3476 caelo

126 3537 204 3600 puro
230 3536 418 3598 quamquam
441 3535 501 3582 non
525 3518 653 3599 delapsa
676 3524 732 3597 est,
753 3519 865 3581 tamen
891 3517 1045 3581 decidisse
1069 3515 1168 3580 videri
1201 3518 1312 3599 potest,

126 3621 167 3687 cf.
192 3641 223 3686 ν.
247 3619 309 3684 319
333 3640 415 3702 sqq:

337 3746 367 3794 ot
385 3741 536 3805 Phaethon,
556 3742 657 3794 rutilos
675 3743 786 3809 flammo
800 3741 955 3809 populante
973 3740 1095 3807 capillos,
1156 3739 1157 3742 ’

335 3828 454 3882 coicitur
471 3829 503 3880 ira
520 3844 652 3896 praeceps
670 3829 803 3896 longoque
818 3844 870 3895 per
888 3831 955 3880 adro
973 3831 1065 3879 tracto

336 3914 436 3978 ferror,
455 3921 487 3968 ot
504 3915 646 3968 interdum
665 3913 698 3967 oe
717 3916 791 3968 coelo
808 3915 886 3967 stello
904 3929 1001 3966 screno

337 4002 386 4053 etsi
404 4017 462 4054 ooo
480 4001 586 4064 cecidit,
604 4002 693 4066 potnit
712 4000 839 4053 cecidisse
857 3999 953 4052 videri.

129 4119 194 4184 qua
216 4122 287 4168 oum
312 4105 514 4186 descriptione
539 4121 652 4186 quaeso
676 4106 815 4168 conferas
840 4125 884 4184 ea,
916 4122 994 4184 quae
1025 4102 1107 4185 apud
1130 4101 1314 4165 Lucretium

127 4206 165 4272 II
188 4206 251 4271 206
275 4227 340 4291 sqq.
363 4209 527 4291 leguntur:

338 4332 544 4394 nocturnosque
561 4328 637 4394 focos
655 4328 731 4392 coeli,
750 4327 861 4380 sublime
880 4327 1004 4389 oolootis,

339 4428 432 4466 nonore
450 4413 525 4466 violes
542 4415 635 4484 lorrpos
653 4416 826 4482 flammarum
844 4413 943 4468 docere
961 4408 1068 4467 troctas

338 4499 370 4550 ira
388 4515 456 4566 quos
474 4516 588 4568 comque
606 4501 681 4553 dedit
696 4503 786 4568 portis
803 4507 907 4554 notura
925 4498 1064 4554 mentam?

339 4601 397 4639 ooo
414 4585 512 4639 rodere
531 4589 562 4640 ia
580 4594 684 4641 terrem
701 4589 793 4642 stellas
811 4595 836 4642 et
854 4589 947 4642 sidero
965 4585 1075 4642 omnis?

1197 4679 1212 4728 7
