3366 5132
840 522 1050 600 -251-

458 708 602 776 Geterum
637 708 769 775 Ovidius
807 710 903 775 etiam
938 711 1071 775 alteram
1107 711 1202 776 moris
1225 710 1398 794 imaginem
1421 710 1534 778 fluctus

352 814 497 897 ingentes
525 816 738 895 spectantem,
763 831 824 895 qua
847 813 950 878 contio
981 816 1140 880 commota
1162 814 1358 892 illustratur,
1388 814 1419 880 in
1443 833 1533 880 usum

354 935 446 982 suum
469 916 624 984 convertit
647 916 723 982 Met.
749 917 775 981 V
799 915 916 998 bsqq,
940 915 994 980 ubi
1011 915 1190 1000 Cephenum
1205 918 1348 984 convivia
1364 917 1397 981 in
1415 918 1533 984 subitos

353 1019 510 1085 tumultus
534 1022 655 1086 mutata
677 1020 758 1084 mari
781 1022 1016 1103 comparantur,
1041 1020 1121 1103 quod
1150 1021 1355 1103 tranquillum
1384 1020 1534 1086 terribilis

352 1123 489 1205 impetus
513 1124 676 1188 ventorum
700 1122 808 1188 turbat
832 1124 925 1205 atque
948 1123 1030 1188 eruit
1052 1123 1143 1189 undis
1159 1123 1302 1206 agitatis:

557 1245 641 1312 iaqae
658 1245 816 1312 repentinos
834 1245 958 1300 conciola
975 1234 1053 1298 cerea
1071 1245 1207 1300 tamaltae

556 1329 725 1384 adsimulare
741 1329 815 1396 freto
829 1331 927 1398 poeste,
947 1329 1020 1398 qaod
1037 1347 1120 1385 saaca
1138 1331 1262 1398 gaietam

557 1422 697 1469 acatooam
715 1417 903 1470 collectatio
922 1423 1069 1484 exasperat
1086 1417 1179 1471 aadc'e.

456 1522 628 1601 Singularis
650 1522 753 1604 imago
785 1524 867 1604 apud
902 1520 1050 1587 Ovidium
1078 1523 1150 1588 inde
1179 1523 1312 1606 prodiit,
1338 1524 1420 1605 quod
1450 1523 1534 1589 unda

349 1627 422 1708 post
445 1630 574 1692 rentum
597 1628 817 1691 vehementem
842 1627 976 1692 subsidit
999 1627 1142 1708 quidem,
1166 1628 1220 1691 sed
1244 1632 1351 1692 tamen
1374 1628 1532 1693 interdum

350 1730 540 1795 intumescit.
578 1748 712 1812 quacum
736 1730 831 1795 maris
853 1734 966 1795 natura
987 1731 1078 1812 poete
1107 1729 1191 1796 Sexti
1214 1731 1374 1813 Tarquinii
1396 1749 1533 1797 amorem

349 1833 513 1899 Lucretiae
536 1839 696 1917 comparat
719 1834 806 1900 Fast.
833 1834 862 1898 [1
887 1835 949 1899 775
972 1853 1054 1918 sqq.:

554 1960 587 2008 at
604 1955 670 2009 solet
689 1972 706 2008 α
723 1971 822 2024 υιαρυο
840 1955 941 2022 stactae
959 1957 1131 2025 taapaaescere
1149 1955 1227 2023 (lata,

606 2041 654 2095 sed
672 2047 764 2094 tamea
783 2058 801 2093 a
819 2046 907 2106 beato,
926 2043 975 2109 qai
992 2042 1055 2108 fait,
1073 2041 1154 2095 aado
1172 2047 1271 2094 tumet:

555 2129 602 2192 stc,
621 2128 744 2195 quamuis
762 2127 857 2182 aberat
873 2128 995 2195 placitae
1010 2128 1172 2195 praesentia
1189 2128 1302 2194 formae,

607 2230 685 2282 qoem
703 2213 815 2268 dederat
829 2231 962 2282 praesens
980 2215 1077 2280 formu,
1097 2215 1223 2268 marcebat
1241 2229 1326 2269 amor.

347 2338 481 2402 quocum
525 2319 593 2384 loco
631 2320 732 2384 nescio
775 2337 813 2385 an
854 2319 997 2385 contendi
1044 2319 1142 2402 possit
1183 2319 1314 2403 Vergilii
1357 2319 1533 2386 similitudo

350 2425 427 2489 Aen
453 2423 513 2487 Vll
537 2423 599 2488 528
619 2441 695 2504 sqq,
720 2423 773 2487 ubi
796 2423 960 2488 hominum
983 2423 1096 2505 ingens
1119 2442 1279 2506 numerus,
1303 2423 1356 2506 qui
1379 2442 1470 2488 cerva
1493 2426 1532 2491 ab

348 2526 484 2592 Ascanio
522 2527 686 2590 vulnerata
719 2527 767 2591 ira
801 2526 920 2592 incensi
954 2529 1089 2609 undique
1121 2530 1305 2609 accurrunt,
1340 2545 1411 2591 cum
1440 2527 1533 2593 undis

348 2632 442 2694 maris
466 2630 567 2713 magis
590 2631 751 2712 magisque
773 2649 807 2695 se
829 2630 1046 2695 attollentibus
1070 2633 1307 2712 comparantur:

553 2753 654 2820 stactae
673 2752 715 2804 ati
729 2751 821 2819 priano
839 2751 928 2818 eoepit
946 2766 1007 2804 cara
1025 2749 1157 2803 albescere
1175 2755 1261 2814 veato,

549 2838 690 2906 paulatim
707 2853 764 2890 sese
783 2837 857 2899 toltit
875 2853 950 2890 mare
968 2842 994 2890 et
1012 2837 1098 2890 attiae
1114 2835 1206 2890 aadca

554 2923 641 2993 eripit,
660 2923 725 2976 tado
742 2924 796 2976 imo
815 2924 955 2991 coasarpit
973 2923 1009 2976 ad
1027 2923 1139 2976 aethera
1156 2921 1254 2988 suado.

450 3028 521 3110 Ipse
538 3013 648 3092 'autem
667 3027 823 3110 Vergilius
849 3027 926 3091 mibi
950 3028 1083 3110 pendere
1105 3028 1232 3091 videtur
1255 3045 1292 3090 ex
1306 3026 1454 3107 Homero,
1479 3030 1532 3110 qui

348 3131 386 3198 ll.
405 3130 502 3196 uma
517 3150 583 3214 sqq.
600 3130 710 3196 densas
725 3130 865 3196 militum
882 3131 990 3196 turbas
1008 3131 1046 3194 ad
1071 3149 1208 3214 pugnam
1227 3133 1425 3213 properantes
1441 3131 1533 3198 undis

348 3235 482 3302 contulit
508 3234 650 3320 Zephyro
673 3233 832 3300 excitatis:

554 3361 593 3421 ὡς
613 3359 636 3411 δ’
656 3360 698 3412 ὅτ’
717 3359 747 3411 ἐν
767 3356 886 3425 αἰγιαλῷ
906 3358 1043 3424 πολυηχέϊ
1062 3362 1136 3423 κῦμα
1156 3357 1301 3422 θαλάσσης

552 3445 651 3513 ὄρνυτ’
669 3445 866 3513 ἐπασσύτερον
884 3443 1019 3510 Ζεφύρου
1039 3445 1094 3497 ύπο
1113 3443 1295 3508 κινήσαντος·

551 3532 651 3598 πόντῳ
674 3533 724 3596 μὲν
742 3531 779 3584 τὰ
797 3535 900 3597 πρῶτα
919 3531 1098 3596 κορύσσεται,
1117 3529 1208 3596 αὐτὰρ
1227 3529 1324 3582 ἔπειτα

550 3619 645 3686 χέρσῳ
665 3619 847 3684 ῥηγνύμενον
866 3617 974 3683 μεγάλα
994 3616 1096 3684 βρέμει,
1116 3614 1189 3681 ἀμφὶ
1209 3615 1239 3668 δέ
1258 3613 1374 3684 τ’ύκρας

551 3704 657 3770 κυρτὸν
675 3703 724 3755 ἐὸν
743 3707 930 3769 κορυφοῦται,
948 3701 1090 3755 ἀποπτύει
1110 3699 1133 3752 δ’
1153 3701 1221 3763 ἁλὸς
1240 3701 1341 3766 ἄχνην.

449 3806 509 3872 Sed
531 3809 694 3871 mittamus
717 3807 773 3872 hos
798 3807 888 3885 locos,
913 3807 1084 3887 dequibus
1108 3806 1241 3871 fortasse
1264 3805 1383 3889 ambigi
1413 3811 1527 3888 potest,

345 3928 422 3975 num
438 3911 547 3991 aliqua
562 3909 746 3990 cognatione
762 3911 844 3974 inter
860 3927 926 3975 sese
943 3908 1101 3973 coniuncti
1116 3911 1188 3985 sint,
1220 3908 1251 3972 et
1267 3927 1318 3974 eas
1334 3909 1527 3992 proteramus

292 4090 294 4094 ¹
346 4011 499 4096 imagines
522 4030 539 4076 e
560 4013 641 4076 mari
664 4012 789 4094 petitas,
813 4011 924 4094 quibus
948 4009 1079 4075 Ovidius
1095 4010 1211 4093 aliique
1226 4013 1336 4094 poetae
1351 4012 1528 4096 clangorem

345 4115 572 4198 strepitumque
596 4119 821 4197 expresserunt.
860 4115 948 4180 cuius
982 4112 1106 4198 generis
1129 4113 1355 4180 similitudines
1378 4117 1441 4180 iam
1463 4119 1528 4182 Ho-

343 4238 448 4284 merus
471 4219 596 4285 enhibet
618 4219 658 4285 ll.
676 4219 772 4284 0381
797 4238 863 4302 sqq.
880 4224 912 4284 et
936 4241 954 4300 ρ
978 4219 1042 4284 263
1064 4237 1142 4301 sqq,
1166 4219 1278 4302 quibus
1301 4219 1377 4285 locis
1401 4219 1528 4284 Troiani

344 4323 551 4404 conclamant,
575 4328 610 4388 ut
633 4341 718 4388 mare
742 4325 845 4389 ventis
869 4325 1041 4389 excitatum
1065 4327 1198 4408 aestuat,
1223 4328 1254 4389 at
1276 4323 1346 4404 ΙΙ.β
1369 4324 1433 4390 394
1448 4342 1525 4407 sqq,

343 4425 397 4491 ubi
420 4426 532 4510 Argivi
556 4428 695 4492 clamant
718 4426 799 4491 sicut
823 4427 936 4490 fluctus
960 4429 1106 4510 mugiunt
1129 4427 1168 4492 ad
1184 4427 1287 4506 litora,
1310 4445 1382 4492 cum
1398 4447 1448 4494 eos
1471 4428 1527 4493 ad-

342 4531 476 4596 moverit
499 4531 599 4596 Notus
621 4532 769 4614 ingruens
793 4531 917 4613 scopulo
940 4532 1143 4614 procurrenti.
