3370 5134
819 513 1047 578 -144-

338 697 468 778 ‘cernit’,
492 698 598 782 itaqua
622 702 751 783 uterque
773 702 864 784 poeta
886 722 954 768 eam
978 703 1195 789 descriptionis
1218 704 1353 770 formam
1369 702 1525 782 adhibuit,

339 819 402 884 qna
424 801 599 868 observatio
623 805 794 887 exponitur.

441 921 501 990 Sed
524 923 588 988 iam
610 923 650 989 ad
672 926 732 990 dno
755 924 1002 989 similitudinum
1033 944 1147 1010 genera
1181 925 1320 1011 Vergilio
1353 929 1385 992 st
1413 923 1526 992 ovidio

339 1027 516 1091 communia
531 1028 740 1109 transeamus,
764 1046 842 1111 quae
857 1046 986 1094 numero
1003 1029 1193 1094 illustrando
1209 1029 1391 1096 inserviunt.
1415 1030 1524 1112 singu-

337 1129 414 1194 laris
437 1129 522 1195 enim
545 1134 591 1196 est
615 1128 750 1214 Vergilii
781 1131 887 1216 imago
913 1130 1025 1216 Georg.
1049 1132 1096 1197 IV
1119 1133 1161 1198 80
1184 1151 1241 1216 sq,
1275 1153 1335 1218 qua
1356 1135 1524 1216 glandines

337 1229 375 1296 de
398 1231 471 1299 ilice
495 1251 643 1300 concussa
665 1233 845 1299 decidentes
868 1235 998 1318 pulchre
1021 1237 1156 1302 contulit
1178 1257 1249 1303 cum
1273 1237 1380 1322 apium
1402 1239 1521 1318 ingent'

337 1355 479 1422 numero,
502 1355 580 1420 quae
601 1355 709 1422 pugna
731 1344 838 1404 exorta
860 1340 981 1405 occisae
1004 1359 1040 1405 ex
1061 1340 1186 1406 aethere
1210 1342 1376 1408 interram
1391 1341 1524 1408 cadunt:

538 1457 761 1526 praecipitesque
779 1456 901 1526 cadram,-
917 1473 975 1512 aaa
994 1456 1104 1512 densior
1121 1461 1184 1512 aire
1200 1460 1317 1530 procedo,

541 1559 600 1597 aaa
618 1543 651 1597 de
669 1558 801 1598 coaoasaa
818 1549 928 1598 taratara
941 1544 1018 1613 placit
1035 1545 1097 1599 elice
1112 1545 1230 1616 pianda.

338 1669 375 1715 en
390 1647 530 1716 hocloco
545 1647 727 1733 Vergiliano
750 1649 879 1714 Ovidius
903 1649 983 1713 mihi
1005 1649 1136 1732 petiisse
1150 1646 1275 1715 videtur
1290 1668 1342 1716 eas
1356 1652 1525 1736 imagines,

336 1769 415 1836 quae
439 1772 455 1818 e
477 1753 575 1818 variis
599 1752 746 1819 arborum
768 1752 924 1819 fructibus
962 1753 1147 1836 desumptae
1181 1754 1396 1820 multitudinis
1419 1755 1524 1820 densi-

336 1857 471 1942 tatisque
495 1857 654 1924 notionem
676 1857 850 1925 illustrant.
873 1857 919 1922 sic
942 1856 1026 1922 Naso
1049 1857 1083 1923 in
1099 1859 1299 1940 pestilentiae
1315 1857 1528 1940 descriptione

336 1961 426 2035 (Met.
452 1960 514 2026 VII
537 1959 603 2026 584
621 1961 714 2044 squ),
737 1980 817 2045 quae
839 1961 977 2027 insulam
1000 1961 1158 2045 Aeginam
1182 1962 1329 2044 vastavit,
1357 1961 1525 2026 hominum

335 2067 531 2132 mortuorum
544 2070 577 2131 et
588 2066 678 2131 humi
693 2064 864 2130 iacentium
876 2065 1117 2130 multitudinem
1129 2067 1187 2132 bac
1198 2065 1320 2132 ratione
1330 2065 1526 2131 illustravit:

543 2199 596 2252 aaa
612 2200 640 2238 ee
658 2199 771 2253 eamque
789 2184 862 2239 acies
880 2187 1021 2239 oculorum
1039 2186 1163 2254 tieaerat,
1182 2186 1240 2240 aliia

447 2291 450 2296 ·
540 2271 637 2341 calpae
655 2275 716 2324 erat
734 2275 858 2336 stratura,
876 2271 960 2325 edati
978 2287 1041 2326 cam
1053 2272 1156 2340 patria
1173 2273 1254 2326 motis

538 2372 623 2425 poma
641 2355 747 2410 eadamt
764 2357 850 2410 ramis
867 2358 1026 2428 agitatoque
1044 2357 1107 2411 ilice
1123 2357 1247 2427 plaudes.

334 2464 495 2548 praeterea
527 2462 588 2528 buc
620 2462 756 2544 pertinet
790 2481 826 2527 ea
855 2464 974 2547 imago,
1010 2481 1071 2545 qua
1094 2462 1225 2528 Ovidius
1256 2462 1298 2528 A.
1320 2462 1361 2527 A.
1385 2463 1436 2528 III
1462 2462 1526 2528 149

335 2587 503 2635 numerum
525 2565 683 2634 variorum
708 2564 879 2649 modorum,
903 2565 1019 2648 quibus
1042 2566 1151 2651 capilli
1171 2566 1314 2650 componi
1330 2565 1443 2646 solent,
1466 2585 1525 2648 per

335 2671 536 2739 collationem
558 2668 767 2754 significavit:

541 2789 588 2845 aed
606 2807 694 2860 aecae
712 2806 824 2845 ramosa
841 2789 1003 2844 cooneratus
1019 2789 1053 2844 ia
1069 2790 1132 2845 aliae
1147 2790 1270 2860 paradeo.

334 2897 467 2981 denique
502 2895 717 2978 compluribus
750 2895 829 2961 locis
863 2893 994 2960 Ovidius
1029 2895 1133 2960 varios
1162 2897 1311 2960 arborum
1332 2894 1455 2960 fructus
1478 2895 1521 2961 ad

334 3000 574 3067 multitudinem
608 3017 833 3081 numerumque
867 2997 1056 3065 illustranda
1088 3000 1239 3082 protulit,
1272 3017 1349 3082 quos
1382 2997 1524 3064 breviter

334 3103 490 3186 indicano,
514 3104 554 3168 n.
572 3103 612 3170 n.
636 3102 773 3186 115183
796 3101 894 3168 nasa
919 3104 964 3168 rv
990 3101 1019 3180 1,
1042 3099 1098 3178 aa
1122 3121 1158 3167 οι
1180 3102 1216 3168 P.
1241 3101 1289 3167 iv
1313 3102 1363 3181 15,
1386 3101 1406 3166 a
1431 3119 1479 3184 sq.

437 3224 583 3290 alterum
606 3241 704 3307 genus
727 3223 902 3308 imaginum
917 3220 1153 3302 Ouidianarum,
1177 3224 1290 3305 quibus
1306 3221 1523 3288 multitudinis

334 3330 421 3396 notio
445 3327 659 3406 adumbratur,
682 3327 817 3408 petitum
840 3329 888 3390 est
911 3344 948 3390 ax
969 3325 1076 3392 aristis
1098 3327 1131 3390 et
1146 3325 1317 3410 segetibus.
1340 3343 1417 3409 quas
1433 3325 1525 3390 simi-

333 3432 487 3499 litudines
510 3431 605 3496 simul
621 3448 693 3495 cum
709 3429 754 3494 eis
770 3428 874 3495 Ovidii
889 3427 1151 3511 descriptionibus
1167 3429 1305 3494 tractare
1320 3428 1418 3504 iuvat,
1441 3446 1522 3510 quae

334 3538 374 3604 ad
407 3536 563 3602 fluctuum
596 3535 837 3600 multitudinem
871 3536 1063 3616 pertinentes
1096 3534 1198 3599 eidem
1233 3533 1279 3597 rei
1312 3531 1521 3597 illustrandae

333 3641 518 3718 inserviunt,
536 3640 589 3706 sed
605 3640 751 3723 imaginis
762 3640 864 3704 forma
879 3658 941 3704 non
958 3640 1033 3704 sunt
1048 3638 1185 3703 indutae.
1211 3637 1297 3703 loeus
1310 3635 1520 3720 Vergilianus,

334 3764 370 3810 er
392 3763 452 3828 quo
475 3746 635 3826 tamquam
659 3744 745 3808 fonte
767 3742 917 3807 Ovidium
944 3743 1001 3807 has
1030 3740 1183 3824 imagines
1207 3741 1348 3806 hausisse
1370 3739 1520 3822 suspicor,

333 3851 421 3914 extat
442 3849 521 3914 Aen.
545 3847 607 3912 VII
631 3845 694 3911 718
717 3863 796 3929 sqq,
820 3844 874 3910 ubi
891 3843 978 3910 Maro
992 3843 1231 3909 multitudinem
1248 3843 1419 3926 copiarum,
1442 3859 1521 3924 quae

334 3953 441 4019 contra
463 3952 600 4016 Aeneam
623 3951 864 4032 congregantur,
888 3946 938 4011 bis
961 3947 1113 4012 indicavit
1135 3945 1422 4011 similitudinibus:

538 4085 622 4138 qaaere
638 4067 719 4123 malti
737 4067 841 4136 Iabyca
859 4067 1003 4121 oolaoatar
1020 4081 1156 4120 marmore
1172 4066 1282 4133 (lactas,

539 4170 634 4210 saevos
651 4155 699 4208 abi
720 4153 808 4209 Orioa
824 4153 945 4207 boberaa'e
963 4151 1092 4206 condior
1109 4151 1213 4219 wadia,-

539 4241 582 4296 vel
599 4257 661 4296 cam
678 4241 734 4295 eote
751 4254 821 4294 reooo
839 4237 940 4294 &rasae
957 4243 1099 4292 torreatur
1115 4238 1222 4292 artatae

540 4333 590 4382 aot
608 4328 706 4382 Herem
724 4342 820 4397 campo
839 4330 890 4382 aot
907 4325 1012 4392 Lyciae
1029 4324 1191 4392 tioreabbas
1208 4323 1292 4380 area

335 4453 371 4502 ex
394 4434 505 4518 quibus
527 4433 617 4498 illam
638 4431 677 4497 de
700 4431 808 4496 aristis
829 4428 996 4514 permultis
1017 4428 1093 4494 locis
1114 4427 1260 4520 adhibuit
1277 4424 1420 4506 Ovidius,
1443 4445 1519 4510 quos

335 4555 516 4604 enumerare
539 4537 621 4602 malo
645 4553 740 4618 quam
764 4533 951 4609 examinare,
976 4531 1051 4597 Mat
1074 4529 1519 4616 X16143urha.1t¹1,57;
