3370 5134
836 551 878 562 —
925 511 987 578 102
1032 553 1073 564 --

362 709 442 788 apud
467 703 616 770 Ovidium
649 704 772 786 praeter
804 701 975 784 imaginem
1010 719 1105 782 supra
1139 701 1310 767 tractatam
1344 701 1444 767 etiam
1470 701 1549 767 Met.

361 809 407 872 XI
431 809 494 874 589
518 826 584 890 sqq.
607 805 703 870 Iridis
726 804 845 870 mentio
868 804 915 888 fit,
938 804 991 867 ubi
1013 804 1089 868 haec
1112 805 1274 888 leguntur:

673 962 683 981 .
709 968 716 981 .
743 967 750 980 .
773 924 905 980 induitur
921 926 1059 980 ucluuaa'uu
1076 925 1152 978 mille
1169 924 1291 978 colorum

567 1015 623 1068 Iris
642 1020 668 1068 et
685 1018 799 1067 arcuato
817 1013 920 1066 caelum
939 1012 1098 1066 curuamine
1114 1013 1229 1082 sipuaus

568 1105 639 1155 tectu
653 1100 724 1168 petit
741 1099 810 1152 iussi
826 1099 875 1152 sub
893 1099 965 1153 nube
984 1100 1101 1153 latentia
1118 1098 1195 1170 regis.

362 1207 475 1292 quibus
498 1207 574 1272 locis
596 1206 681 1270 inter
703 1223 736 1268 se
758 1205 881 1269 collatis
905 1209 987 1268 certe
1010 1222 1070 1268 non
1094 1221 1171 1285 opus
1196 1205 1244 1268 est
1268 1203 1372 1268 dicere
1397 1202 1550 1268 Ovidium

362 1313 441 1378 illud
464 1306 564 1374 ‘mille
587 1307 712 1374 colores'
739 1307 879 1392 Vergilio
904 1307 1025 1372 debere.

465 1432 605 1515 Vergilio
628 1430 836 1515 adiungamus
860 1429 1042 1507 Homerum,
1066 1430 1119 1511 qui
1143 1430 1280 1496 eiusdem
1297 1448 1387 1494 arcus
1402 1427 1551 1510 imaginis

362 1539 423 1603 duo
448 1556 483 1602 ac
504 1536 663 1618 praeclara
685 1534 814 1619 praebet
850 1534 1001 1614 exempla.
1036 1552 1072 1596 er
1095 1532 1209 1615 quibus
1232 1533 1318 1615 prius
1342 1533 1378 1597 Il.
1403 1537 1421 1597 l
1445 1532 1486 1595 27
1502 1551 1547 1614 sq.

363 1644 458 1721 extat,
492 1639 547 1706 ubi
582 1638 717 1704 caerulei
752 1639 897 1702 dracones
931 1638 963 1700 iu
1000 1636 1248 1720 Agamemnonis
1287 1637 1413 1701 thorace
1453 1635 1549 1700 efficti

361 1745 483 1826 ἴρισσιν
506 1745 648 1810 ἐοικότες
671 1744 833 1808 dicuntur:

572 1896 996 1918 .........
1036 1861 1105 1914 deae
1126 1859 1252 1928 Κρονίων

569 1953 599 2006 έν
619 1951 702 2017 νέφεϊ
720 1949 842 2017 στήριξε,
862 1947 946 2015 τέρας
967 1948 1101 2015 μερόπων
1120 1947 1293 2016 ἀνθρώπων.

363 2077 556 2144 quamquam
588 2056 665 2120 haec
700 2057 731 2118 et
762 2053 895 2135 Vergilii
930 2051 1107 2116 similitudo
1141 2053 1227 2116 nulle
1262 2053 1376 2117 artiore
1411 2050 1495 2114 inter
1516 2069 1550 2114 se

364 2164 547 2230 coniunctae
571 2162 644 2224 sunt
666 2158 808 2232 vinculo,
843 2160 948 2220 tamen
972 2155 1130 2219 Maronem
1166 2157 1224 2220 hac
1248 2154 1376 2220 Homeri
1410 2153 1551 2236 imagine

364 2258 532 2333 excitatum
555 2283 622 2329 esse
647 2264 770 2337 medae,
794 2263 830 2323 ut
853 2264 884 2324 et
907 2261 1058 2342 serpentis
1093 2260 1246 2342 fulgorem
1280 2259 1388 2324 eadem
1411 2259 1549 2341 imagine

364 2371 546 2454 depingeret
562 2367 652 2450 (Aen.
670 2366 697 2429 V
714 2365 755 2430 88
772 2370 841 2446 sq.)‚
860 2383 875 2426 e
907 2363 1102 2444 splendorem
1127 2363 1241 2427 loricae
1256 2382 1274 2426 a
1291 2363 1408 2426 Venere
1424 2363 1548 2427 Aeneae

366 2477 457 2541 datae
480 2472 541 2538 alia
563 2471 701 2551 imagine
719 2468 811 2554 (Aen.
836 2467 913 2532 VIII
937 2467 1000 2530 622
1022 2467 1103 2552 sqq.)
1128 2468 1166 2530 ad
1191 2467 1351 2549 Apollonii
1374 2469 1547 2549 exemplum
1581 2473 1586 2484 '

368 2577 562 2644 confermata
584 2574 769 2648 illustraret,
793 2573 829 2635 de
855 2589 914 2652 qua
937 2571 998 2634 iam
1023 2589 1117 2652 supra
1141 2570 1380 2652 disputavimus.

468 2698 578 2761 Altera
601 2695 729 2759 Homeri
752 2693 888 2775 imagine
913 2691 974 2754 hnc
997 2691 1173 2772 pertinente
1196 2694 1302 2768 nubes,
1325 2710 1386 2773 qua
1407 2691 1549 2756 Minerva

367 2802 562 2868 circumdata
584 2802 622 2864 ad
647 2799 780 2863 Graecos
803 2795 953 2886 pervenit,
978 2797 1022 2858 sic
1043 2794 1223 2860 illustratur
1248 2795 1298 2880 (ll.
1322 2817 1340 2875 ρ
1363 2793 1426 2860 547
1452 2794 1548 2881 οῃῃ.);

571 2922 640 2989 ἠΰτε
658 2920 828 2988 πορφυρέην
845 2919 902 2986 ἶριν
921 2920 1051 2983 θνητοῖσι
1069 2919 1198 2986 τανύσσῃ

517 3072 519 3075 ,
571 3009 644 3071 Ζεὺς
663 3008 690 3060 ἐξ
710 3007 876 3075 οὐρανόθεν,
896 3005 981 3072 τέρας
999 3005 1115 3068 ἔμμεναι
1134 3007 1151 3071 ἢ
1171 3004 1314 3069 πολέμοιο,

572 3097 590 3161 ἢ
610 3097 657 3149 καὶ
675 3097 812 3160 χειμῶνος
832 3091 1015 3154 δυσθαλπέος,
1034 3093 1064 3155 ὅς
1083 3092 1120 3158 ῥά
1138 3107 1170 3145 τε
1190 3092 1284 3159 ἔργων

572 3182 743 3250 ἀνθρώπους
761 3179 923 3234 ἀνέπαυσεν
943 3180 987 3234 ἐπὶ
1006 3177 1095 3244 χθονί,
1116 3182 1190 3244 μῆλα
1209 3179 1239 3232 δέ
1259 3178 1346 3244 κήδει,

573 3267 611 3332 ὣς
629 3269 647 3334 ἡ
667 3266 817 3334 πορφυρέῃ
838 3265 944 3333 νεφέλῃ
963 3264 1116 3319 πυκάσασα
1135 3264 1148 3318 ἓ
1167 3264 1260 3331 αὐτὴν
1283 3300 1292 3315 .
1317 3300 1326 3316 .
1351 3300 1359 3316 .

366 3391 447 3456 quae
469 3373 600 3439 Homeri
632 3372 736 3454 image
771 3371 841 3452 apte
876 3389 997 3452 quoque
1032 3368 1190 3434 confertur
1222 3387 1293 3432 eum
1317 3367 1452 3452 Vergilii
1475 3365 1549 3431 loeis

366 3496 460 3560 supra
484 3475 601 3558 allatis,
625 3475 737 3557 quibus
761 3474 820 3540 Iris
843 3493 905 3538 non
930 3474 962 3537 in
986 3474 1121 3556 imagine
1143 3473 1311 3538 inducitur.

471 3595 595 3678 Siquis
619 3599 725 3661 autem
748 3596 879 3659 fortasse
909 3595 1052 3677 opinatur
1075 3597 1181 3659 eodem
1204 3594 1281 3670 iure,
1317 3610 1376 3676 qno
1400 3591 1548 3658 Ovidium

366 3700 398 3765 in
422 3719 477 3763 sua
505 3699 644 3782 imagine
677 3699 901 3766 conscribenda
924 3717 940 3762 e
963 3698 1106 3763 Lucretio
1140 3699 1173 3762 et
1195 3696 1335 3780 Vergilio
1368 3697 1550 3780 pependisse

367 3802 592 3880 contendimus,
618 3803 714 3867 etiam
737 3801 888 3869 affirmari
910 3818 1010 3883 posse,
1046 3801 1203 3866 Nasonem
1226 3800 1356 3867 Homeri
1391 3803 1549 3882 spectasse

368 3907 598 3984 auctoritatem,
621 3907 696 3971 haec
719 3907 824 3988 opinio
848 3907 1010 3988 utriusque
1033 3909 1143 3988 poetae
1166 3906 1242 3970 locis
1265 3907 1349 3970 inter
1371 3923 1403 3969 se
1426 3905 1549 3970 collatis

367 4012 530 4091 tamquam
553 4012 662 4090 sponte
685 4008 828 4074 concidit.
853 4028 925 4074 nam
948 4009 1029 4074 inter
1053 4007 1158 4074 Ovidii
1189 4012 1220 4074 et
1243 4009 1374 4074 Homeri
1396 3997 1547 4092 imagines

368 4131 404 4176 ex
428 4130 501 4176 arou
525 4110 654 4175 caelesti
675 4113 789 4192 petitas
813 4112 999 4194 nentiquam
1023 4130 1059 4176 ea
1080 4112 1248 4177 intercedit
1270 4111 1361 4191 ratio,
1385 4115 1421 4177 ut
1443 4112 1544 4176 imita·

366 4217 486 4280 tionem
509 4215 625 4280 factam
650 4234 717 4280 esse
740 4220 877 4281 statuere
901 4216 1066 4300 possimus.

470 4337 573 4402 Paene
596 4335 714 4401 oblitus
737 4337 967 4402 semilonium
991 4338 1049 4404 hoc
1083 4338 1147 4404 loeo
1179 4354 1438 4416 commemorare,
1462 4335 1547 4400 cuins

369 4439 407 4504 de
429 4440 606 4526 fragmento
630 4439 694 4504 393
717 4440 773 4505 V.:

575 4575 658 4613 arcus
675 4559 723 4613 ubi
740 4560 882 4627 aspicitur,
901 4561 1060 4615 mortalitas
1078 4575 1147 4628 quoe
1160 4559 1323 4628 perhibetur
