3370 5134
792 507 1025 572 -120-

315 695 403 761 nullo
426 699 515 779 pacto
538 695 658 779 ambigi
679 697 792 780 potest,
815 700 897 763 unde
914 694 1048 764 Ovidius
1063 698 1238 781 imaginem
1254 718 1345 764 suam
1359 699 1398 763 ad
1416 717 1503 766 rosas

316 799 398 863 inter
416 797 486 864 lilia
502 798 615 863 mixtas
634 799 845 882 pertinentem
865 801 1101 884 deprompserit,
1119 801 1267 883 quoniam
1283 803 1360 867 haec
1375 802 1504 884 quidem

316 902 485 990 descriptio
508 903 687 986 Vergiliana
721 905 796 969 adeo
832 905 990 988 conspiret
1023 923 1093 971 cum
1128 905 1266 990 imagine
1288 905 1355 983 illa,
1390 908 1427 971 ut
1452 905 1505 972 vir

316 1024 503 1088 quemquam
527 1006 610 1073 hunc
627 1006 758 1091 Vergilii
777 1008 881 1074 locum
897 1008 1011 1074 melius
1027 1008 1150 1073 imitari
1166 1008 1306 1091 potuisse
1321 1008 1503 1074 contendas.

316 1107 395 1173 adde
418 1109 499 1191 quod
522 1110 692 1193 utrubique
717 1111 874 1177 etiamen
896 1112 1012 1194 imago.
1047 1131 1125 1195 qnae
1147 1113 1224 1177 ebur
1246 1115 1330 1176 ostro
1364 1111 1502 1177 tinctum

316 1215 447 1293 spectat,
470 1212 608 1279 offertur.

419 1315 500 1398 Ipse·
516 1321 623 1384 autem
638 1317 800 1400 Vergilius
823 1319 904 1384 hanc
926 1321 1053 1401 plantae
1076 1318 1250 1401 imaginem
1265 1317 1449 1400 nentiquam
1464 1316 1503 1381 de

318 1434 377 1482 suo
399 1417 592 1504 deprompsit
607 1421 744 1506 ingenio,
760 1422 857 1488 immo
873 1427 980 1506 aperte
996 1441 1064 1488 sese
1080 1422 1256 1504 composuit
1273 1423 1312 1487 ad
1329 1421 1502 1500 Catullum,

318 1522 415 1605 quiin
427 1525 537 1590 eodem
548 1525 692 1604 carmine,
701 1527 782 1610 quod
794 1546 887 1610 supra
899 1528 1224 1605 commemoravimus,
1233 1525 1307 1591 LXI
1320 1544 1370 1591 ιι.
1380 1526 1420 1592 87
1434 1543 1503 1610 sqq.

317 1625 474 1708 uirginem
496 1647 644 1710 sponsam
666 1630 714 1695 sic
738 1630 974 1715 elegantissime
998 1631 1187 1699 illustravit:

678 1750 743 1805 lulis
759 1751 792 1804 a'a
809 1751 888 1804 curio
906 1751 974 1806 solet

731 1835 827 1891 dicitis
846 1835 953 1890 ducatui
970 1836 1079 1892 hortulo

730 1929 805 1978 sture
823 1924 873 1992 flos
891 1923 1097 1992 hyacinthinus.

318 2025 414 2091 habet
451 2027 579 2109 quidem
615 2027 748 2110 Vergilii
792 2030 896 2110 imago
934 2047 1007 2094 cum
1044 2028 1162 2096 Catulli
1198 2028 1406 2094 similitudine
1443 2027 1504 2093 hoc

319 2147 493 2207 commune,
518 2133 599 2212 quod
621 2130 792 2214 utrubique
815 2151 831 2194 e
853 2130 984 2207 ratione,
1009 2152 1087 2215 quae
1109 2134 1274 2199 intercedit
1296 2132 1380 2198 inter
1395 2130 1504 2196 florem

320 2232 512 2314 singularem
535 2237 568 2299 et
590 2234 728 2317 reliquas
751 2235 877 2316 plantas
900 2234 939 2299 ab
963 2235 1019 2301 illo
1041 2239 1206 2301 venustate
1221 2241 1385 2321 superatas
1399 2237 1506 2317 imago

319 2337 421 2418 petita
444 2341 503 2401 est.
526 2355 601 2401 nam
624 2337 681 2402 hoc
705 2337 921 2403 catullianum
945 2337 1059 2403 ‘varius
1073 2330 1228 2404 hortulus’
1244 2339 1312 2404 sine
1326 2337 1419 2405 dubio
1434 2357 1510 2402 eum

319 2441 352 2504 in
375 2458 501 2506 sensum
522 2441 737 2524 accipiendum
761 2446 819 2525 est,
843 2445 931 2525 quasi
953 2446 1046 2525 poeta
1067 2442 1196 2508 dixisset
1219 2441 1373 2508 lrortulus
1407 2440 1507 2507 uariis

320 2543 450 2609 floribus
473 2545 621 2624 ornatus’,
645 2547 679 2610 in
703 2565 762 2629 quo
778 2545 1000 2628 hyacinthinus
1016 2545 1071 2610 fios
1087 2547 1243 2610 suauitate
1259 2545 1384 2629 fulgens
1399 2563 1509 2610 omnes

320 2647 529 2730 supereminet
543 2649 679 2731 plantas.
703 2668 765 2732 qua
780 2669 813 2714 re
829 2648 1031 2732 quantamvis
1048 2647 1227 2731 ceteroquin
1243 2647 1403 2732 Vergilius
1425 2648 1510 2713 hanc

322 2750 441 2817 Catulli
464 2752 709 2835 descriptionem
731 2751 911 2835 variaverit,
934 2752 1105 2817 tamenab
1128 2751 1229 2817 altera
1256 2753 1347 2836 parte
1380 2755 1509 2833 apertus

320 2873 487 2920 consensus
510 2855 661 2938 originem
684 2856 772 2920 illius
795 2854 1012 2920 similitudinis
1035 2855 1201 2920 manifesto
1225 2854 1376 2921 vindicat.
1399 2856 1510 2939 itaque

320 2959 418 3024 etiam
441 2957 547 3024 Ovidii
569 2959 741 3042 imaginem
765 2959 825 3025 huc
847 2959 1045 3042 spectantem
1074 2961 1133 3024 etsi
1168 2979 1229 3025 non
1258 2959 1378 3024 directe
1400 2961 1511 3024 tamen

320 3058 459 3139 Vergilio
473 3061 689 3127 intercedente
705 3065 811 3128 eodem
827 3081 844 3125 e
858 3063 945 3128 sonte
960 3081 1104 3128 manasse
1126 3061 1217 3127 nobis
1241 3064 1429 3128 censendum
1448 3066 1512 3126 est.

425 3181 580 3268 Superest,
604 3187 639 3249 ut
663 3203 760 3248 unam
782 3183 1000 3250 tantummodo
1021 3185 1193 3267 imaginem
1222 3183 1280 3248 hoc
1308 3184 1373 3250 loco
1401 3201 1514 3248 recen·

321 3306 425 3370 seam,
454 3303 518 3370 qua
544 3285 694 3352 Ovidium
721 3285 840 3356 Catulli
871 3288 1093 3352 auctoritatem
1121 3290 1276 3370 spectasse
1297 3287 1376 3353 scite
1398 3286 1511 3353 obser·

320 3392 407 3456 ravit
429 3390 572 3474 Zingerle
594 3389 684 3454 154.
718 3390 852 3456 contulit
874 3391 959 3455 enirn
982 3408 1053 3456 eam
1073 3390 1264 3473 imaginem,
1286 3409 1349 3472 qna
1371 3387 1508 3455 Ovidius

321 3493 397 3558 Met.
421 3493 452 3558 X
473 3493 538 3558 594
564 3511 632 3577 sqq.
667 3494 800 3559 colorem
835 3493 965 3576 virginis
998 3492 1169 3559 Atalantae
1203 3512 1275 3560 cum
1310 3493 1512 3576 Hippomene

322 3617 416 3663 cursu
439 3597 589 3664 certantis
612 3598 694 3662 hune
717 3597 752 3663 in
773 3598 903 3662 modum
924 3597 1101 3663 exornavit:

527 3717 612 3787 iraque
628 3717 749 3784 wallari
767 3731 867 3784 corpus
884 3715 1004 3772 euadere
1021 3717 1148 3773 ruborem

529 3809 664 3868 truserat,
681 3802 759 3858 haud
777 3803 867 3867 aliter,
886 3818 969 3871 qaum
985 3819 1047 3857 cum
1064 3818 1149 3872 super
1166 3803 1242 3858 atria
1259 3803 1347 3858 celum

527 3889 649 3944 cerdicio
662 3904 839 3972 purpuream
855 3889 1002 3945 nicomatus
1019 3890 1110 3958 inficit
1127 3889 1246 3953 umbrae

322 4014 395 4060 cum
417 3993 536 4061 Catulli
558 3995 661 4061 LXIV
683 3995 748 4061 307
770 4013 833 4077 eq:

528 4113 571 4170 laia
589 4130 688 4183 corpas
706 4115 853 4169 trandum
870 4114 1046 4182 conplectcrer
1064 4113 1186 4182 undiquc
1204 4114 1286 4168 aare
1327 4167 1331 4173 .

529 4201 653 4256 candida
666 4217 813 4270 purpurea
830 4201 900 4256 talos
917 4201 1073 4255 induceret
1091 4217 1148 4255 ora.

323 4304 399 4370 lieet
420 4304 519 4389 igitur
542 4307 713 4391 imaginem
737 4326 773 4371 eu
795 4308 907 4372 umbra
929 4307 991 4372 veli
1013 4308 1146 4390 petitam
1169 4301 1303 4370 Ouidius
1333 4304 1399 4388 ipse
1421 4304 1515 4371 inre·

324 4407 416 4488 uerit,
440 4411 641 4475 tamencum
665 4410 705 4474 ad
727 4410 786 4474 hoc
808 4409 973 4476 inventurn
996 4409 1114 4476 Catulli
1137 4410 1206 4476 loco
1230 4413 1392 4491 tamquam
1413 4427 1514 4476 manu

323 4513 451 4578 ductum
474 4532 539 4579 esse
562 4515 729 4597 unicuique
751 4518 846 4598 patet.
