3366 5132
257 1563 342 1660 Cum
372 1595 411 1658 de
441 1593 629 1674 rationibus,
665 1610 742 1674 quar
772 1595 804 1658 in
834 1593 1120 1676 comparationibus
1149 1594 1336 1661 adhibendis

151 1689 316 1778 Homerus,
335 1695 494 1782 Vergilius
517 1695 633 1780 aliique
657 1696 756 1761 secuti
773 1699 857 1774 sunt,
880 1695 1092 1778 peculiaribus
1106 1695 1226 1762 libellis
1242 1698 1333 1782 expo·

151 1795 248 1860 situm
269 1797 330 1882 sit,
353 1816 429 1880 quos
451 1800 509 1865 hoc
531 1800 599 1866 loco
622 1817 806 1865 enumerare
828 1802 1030 1883 supersedeo,
1054 1817 1073 1864 a
1095 1800 1222 1866 nemine
1247 1802 1334 1881 dum,

151 1917 212 1982 quo
234 1901 325 1966 modo
349 1899 481 1968 Ovidius
508 1902 591 1968 hanc
619 1901 812 1986 provinciam
831 1902 1120 1981 administraverit,
1145 1904 1334 1986 explicatum
1390 1963 1393 1968 .

149 2021 216 2068 esre
238 2021 312 2069 sane
335 2005 466 2074 mireris.
488 2007 520 2071 et
542 2008 648 2074 tamen
672 2005 768 2090 digna
791 2007 873 2071 certo
895 2005 975 2072 haee
997 2026 1047 2072 res
1063 2024 1129 2085 esse
1145 2006 1279 2086 videtur,
1302 2008 1336 2071 in

149 2125 245 2191 quam
278 2108 454 2174 accuratius
484 2109 669 2193 inquiratur.
708 2111 824 2174 etenim
850 2128 919 2192 vquo
954 2111 1053 2176 maior
1086 2114 1135 2176 est
1167 2110 1201 2174 in
1225 2107 1335 2175 Ouidio

148 2209 284 2277 facultas
307 2213 465 2278 acuimus
487 2212 625 2297 poetica,
656 2232 691 2280 eo
714 2214 865 2280 maiorem
886 2214 920 2278 in
944 2213 1138 2278 carminibus
1161 2215 1227 2280 eius
1251 2231 1334 2279 com·

149 2314 351 2398 parationem
366 2317 682 2398 numeruminveniri
704 2317 793 2383 facile
816 2317 950 2382 conicias
967 2335 1080 2400 easque
1096 2317 1186 2394 tales,
1210 2318 1248 2382 ut
1263 2336 1334 2382 cum

149 2418 211 2498 eis,
242 2436 320 2502 quae
342 2420 376 2485 in
400 2424 574 2504 ceterorum
597 2423 763 2504 poetarum
786 2421 977 2488 carminibus
1007 2419 1172 2505 leguntur,
1202 2421 1334 2486 collatae

148 2525 258 2587 tamen
280 2540 336 2590 sua
352 2527 514 2590 venustate
537 2542 574 2590 ac
597 2542 650 2591 suo
665 2525 767 2590 nitore
782 2523 1049 2590 commendentur.
1073 2526 1151 2590 adde
1167 2524 1250 2607 quod
1273 2523 1335 2588 hac

149 2624 331 2706 quaestione
352 2626 500 2693 instituta
522 2628 562 2693 ad
586 2625 692 2693 Ovidii
714 2630 815 2694 artem
845 2629 1092 2710 cognoscendam
1122 2627 1215 2709 atque
1239 2627 1334 2691 aesti-

148 2729 299 2795 mandam
331 2732 364 2796 et
392 2733 431 2797 ad
458 2723 541 2797 locos
572 2732 746 2816 complures
773 2731 807 2796 in
836 2729 1029 2797 carminibus
1052 2727 1214 2795 Ouidianis
1236 2729 1334 2793 inter·

147 2833 316 2914 pretendas
327 2834 409 2899 haud
422 2833 570 2920 exiguum
587 2835 727 2901 fructum
741 2835 989 2900 redundaturum
1008 2851 1075 2898 esse
1087 2837 1197 2916 sponte
1209 2831 1335 2897 intelle-

148 2934 247 3018 gitur.
279 2955 457 3020 quaecum
489 2939 537 3004 ita
566 2940 682 3015 essent,
713 2957 732 3003 a
761 2936 870 3004 Oarolo
902 2936 1105 3016 Schenkelio,
1135 2939 1335 3021 praeceptore

149 3039 362 3115 dilectissimo,
386 3042 524 3107 monitus
547 3043 610 3108 iam
633 3042 738 3108 animo
761 3042 942 3108 confirmato
972 3042 1033 3108 hoo
1062 3059 1140 3125 opus
1171 3043 1335 3124 adgressus

150 3143 322 3209 maximum
340 3143 428 3210 inid
451 3146 588 3228 impendi
612 3145 767 3224 laborem,
791 3150 827 3211 ut
850 3146 976 3210 muneri
999 3149 1157 3228 suscepto,
1181 3147 1335 3227 quatenus

150 3246 232 3313 vires
256 3267 342 3314 meae
365 3249 582 3333 suppetebant,
605 3249 712 3332 aliqua
734 3251 818 3314 certe
841 3267 877 3313 ex
899 3257 988 3331 parte
1011 3247 1237 3313 satisfacerem.

253 3349 311 3417 Sed
334 3352 517 3436 priusquam
545 3357 673 3420 adrem
696 3354 798 3435 ipsam
827 3352 990 3432 accedam,
1025 3350 1333 3416 commemorandum

151 3470 216 3518 esse
239 3455 364 3520 videtur
386 3476 436 3522 me
457 3457 491 3522 in
514 3457 754 3544 comparationis
776 3457 900 3522 notione
924 3458 1140 3522 constituenda
1173 3472 1226 3531 ea,
1256 3470 1334 3534 quae

150 3553 187 3620 G.
210 3556 367 3625 Gerberus
394 3559 428 3626 in
451 3560 545 3639 libro,
575 3561 629 3644 qui
662 3553 844 3625 inscribitur
868 3558 934 3624 ‘Die
970 3557 1105 3642 Sprache
1139 3557 1185 3620 als
1215 3554 1333 3620 Kunst'

150 3661 180 3725 Π
206 3661 266 3727 107
289 3681 356 3746 sqq.
381 3664 532 3747 exposuit,
556 3668 698 3729 secutum
724 3682 798 3729 esse.
822 3663 849 3728 is
873 3662 958 3728 enim
981 3663 1013 3726 in
1036 3679 1073 3726 ea
1095 3680 1128 3725 re
1150 3659 1335 3742 explicanda

150 3763 234 3830 viam
246 3766 337 3831 unice
350 3786 457 3833 veram
468 3769 629 3852 ingressus
642 3770 690 3833 est
702 3765 884 3832 Aristotelis
897 3763 1114 3829 definitionem
1124 3763 1148 3844 ¹)
1161 3763 1333 3846 amplexus.

151 3888 244 3951 quam
265 3871 305 3936 ob
328 3890 395 3936 rem
419 3873 456 3936 de
480 3871 525 3937 eis
547 3873 672 3937 tantum
687 3869 880 3954 imaginibus
895 3869 945 3933 vel
961 3865 1230 3940 similitudinibus,
1253 3884 1335 3947 quae

150 3973 273 4056 proprie
296 3975 542 4056 comparationes
566 3975 723 4052 dicuntur,
748 3975 782 4037 in
806 3973 863 4037 hoc
887 3973 1034 4054 opusculo
1050 3971 1243 4035 mentionem
1259 3967 1333 4032 feci:

149 4076 271 4142 nullam
292 4081 444 4144 rationem
468 4078 565 4145 habui
582 4098 690 4144 earum
705 4078 961 4161 similitudinum,
984 4095 1063 4159 quae
1086 4075 1126 4141 ad
1142 4072 1334 4140 sententiam

151 4179 289 4263 aliquam
305 4182 518 4264 explicandam
536 4183 630 4264 atque
648 4181 908 4266 comprobandam
924 4179 1090 4245 adiunctae
1105 4178 1220 4261 potius,
1237 4194 1332 4259 quam

151 4301 223 4349 cum
246 4287 336 4352 rebus
370 4284 447 4368 ipsis
477 4287 661 4353 coniunctae
695 4286 728 4352 in
762 4286 955 4351 carminibus
979 4283 1139 4351 Ovidienis
1175 4281 1333 4368 leguntur,

254 4539 274 4604 ¹)
292 4535 324 4590 de
341 4539 392 4590 art.
410 4536 480 4592 rhet.
498 4535 544 4591 III
562 4541 586 4588 4.
