3366 5132
866 549 1080 613 -.24-

484 739 603 803 Eadem
632 738 767 822 imagine
796 735 1004 819 pulcherrime
1035 754 1111 800 usus
1142 737 1190 799 est
1219 732 1361 798 Catullus
1389 733 1427 797 de
1457 749 1562 796 amore

381 859 436 908 suo
459 843 574 907 amisso
596 842 643 908 XI
661 841 701 905 21
726 860 810 923 sqq.:

586 977 635 1016 nec
652 978 740 1016 aueum
758 966 895 1028 respectet,
914 966 944 1014 ut
962 965 1033 1022 unte,
1052 973 1178 1022 umorem,

587 1048 635 1116 qui
652 1047 729 1101 itlius
746 1047 829 1114 culpa
846 1046 943 1100 cecidit
961 1045 1034 1099 uelut
1051 1045 1129 1112 prati

587 1134 677 1187 ultimi
695 1134 752 1200 llos,
767 1137 962 1200 praetereunte
978 1136 1122 1199 postquam

793 1224 881 1272 tuctus
898 1222 1026 1271 aratrost.

381 1328 519 1408 itemque
547 1325 607 1390 huc
634 1327 754 1410 spectat
782 1322 972 1406 similitudo,
997 1341 1076 1404 quae
1099 1323 1184 1388 extat
1206 1321 1293 1388 LXll
1322 1322 1363 1387 39
1393 1340 1472 1406 sqq.,
1504 1338 1563 1404 quo

382 1428 520 1495 carmine
543 1427 685 1512 Sapphus
708 1425 947 1510 epithalamium
969 1425 1115 1490 imitatus
1139 1428 1187 1490 est
1211 1424 1372 1490 Catullus:

586 1554 619 1602 ut
635 1548 684 1616 flos
702 1547 734 1600 in
752 1547 854 1614 saeptis
871 1550 990 1600 secretus
1009 1545 1136 1600 nascitur
1153 1545 1247 1609 hortu,

586 1634 697 1704 ignotus
711 1634 813 1701 pecori,
832 1632 908 1686 nullo
927 1633 1066 1686 euvenus
1085 1637 1189 1696 aratro,

586 1736 666 1788 quern
682 1719 801 1772 mulcent
818 1734 912 1782 aurae,
930 1718 1023 1786 ytrmut
1041 1720 1089 1783 sol,
1109 1719 1207 1773 educat
1225 1719 1308 1772 iuebcr

585 1892 666 1946 multi
682 1893 760 1946 illurn
778 1892 866 1959 pueri,
885 1891 990 1945 multae
1008 1896 1136 1958 optavere
1150 1891 1276 1958 puellae:

586 1978 658 2031 idern
675 1994 736 2032 curre
754 1978 831 2031 tenui
849 1984 963 2045 carptus
983 1977 1111 2044 defloruit
1129 1978 1226 2046 ungui,

587 2064 658 2117 nulli
676 2063 754 2117 iilum
767 2065 859 2130 pueri,
878 2065 973 2117 nullae
992 2069 1120 2132 optavere
1135 2064 1255 2132 puellae.

485 2188 644 2272 Vergilius
694 2187 825 2252 eandem
877 2186 1048 2270 imaginem
1100 2185 1219 2251 duabus
1264 2185 1340 2252 locis
1386 2187 1564 2268 usurpavit,

382 2291 462 2358 Aen.
486 2293 533 2358 IX
554 2291 618 2370 435
633 2309 710 2373 squ,
727 2291 781 2356 uhi
797 2290 953 2375 Euryalus
969 2289 1150 2355 adulescens
1167 2308 1186 2353 a
1201 2288 1365 2354 Vclscente
1380 2289 1564 2356 uulneratus

381 2395 416 2459 in
438 2399 555 2461 terram
577 2393 725 2459 concidit:

583 2530 746 2584 purpureus
764 2513 849 2569 vetuti
867 2530 928 2568 cunc
945 2515 994 2582 ltus
1011 2514 1133 2568 succisus
1151 2520 1247 2568 aratro

587 2601 741 2672 languescit
760 2602 877 2654 moriens
895 2601 1000 2655 iussere
1015 2615 1161 2670 papauera
1179 2602 1246 2654 coilo

586 2688 715 2742 tannae
734 2693 827 2756 caput,
845 2687 942 2754 pluuia
959 2702 1020 2740 cunc
1036 2688 1110 2753 sorte
1127 2693 1289 2756 precantur.

383 2801 414 2859 et
436 2795 516 2859 Aen.
541 2794 588 2858 XI
610 2792 651 2860 68
674 2812 751 2875 sqq„
782 2811 842 2876 quo
871 2793 937 2857 loco
968 2794 1076 2859 eadem
1105 2793 1207 2876 effigie
1241 2794 1346 2860 Pallas
1382 2793 1566 2876 depingitur
1670 2865 1671 2878 2

382 2898 574 2976 interfectus,
598 2915 692 2978 quem
716 2896 829 2960 feretro
846 2895 1010 2962 frondibus
1028 2897 1184 2979 variisque
1200 2896 1296 2963 ramis
1313 2898 1420 2963 ornato
1437 2897 1564 2962 iuvenes

381 3000 562 3082 imponunt:

587 3100 696 3169 qualern
714 3100 837 3169 uirgineo
854 3099 1003 3154 demessum
1016 3102 1116 3168 pollice
1134 3103 1226 3170 florem

586 3202 634 3240 seu
653 3186 742 3239 mullis
759 3187 845 3240 uiolae
863 3201 913 3240 scu
931 3187 1089 3256 languentis
1106 3189 1257 3257 hyacinthi,

585 3273 630 3326 cui
647 3287 734 3340 nuuc
752 3272 846 3341 fulgor
864 3272 954 3327 adhuc
971 3291 1021 3328 nee
1039 3275 1105 3328 dum
1123 3290 1175 3328 sua
1191 3275 1284 3340 fornia
1302 3275 1425 3328 recessit:

587 3375 645 3412 nun
661 3360 718 3412 iana
736 3364 823 3412 muter
841 3359 893 3412 alit
910 3361 991 3414 tellus
1009 3361 1130 3429 uiresque
1148 3361 1296 3415 ministrat.

485 3464 617 3530 Ovidius
640 3464 774 3547 denique
791 3465 900 3529 eadem
916 3465 1052 3550 imagine
1067 3466 1239 3548 Hyacinthi
1262 3469 1395 3531 mertem
1412 3465 1565 3548 depinxit,

382 3588 475 3652 quam
499 3570 538 3634 ad
561 3588 628 3633 rem
650 3572 743 3651 poeta
765 3571 831 3633 sine
855 3569 948 3635 dubie
972 3572 1037 3652 ipsc
1059 3570 1184 3653 mytho,
1208 3589 1267 3652 que
1296 3573 1366 3654 post
1394 3568 1567 3651 Hyacinthi

382 3671 503 3738 obitum
528 3673 621 3737 huius
646 3691 736 3738 cruor
758 3672 791 3736 in
814 3672 921 3737 florem
957 3673 1023 3738 cius
1058 3673 1182 3738 nomine
1216 3674 1404 3756 inscriptum
1441 3673 1568 3738 cessisse

381 3774 492 3857 femur,
516 3774 630 3839 ductus
654 3778 711 3855 est,
736 3774 811 3839 Met.
835 3776 865 3840 X
890 3775 951 3839 190
973 3794 1057 3859 sqq.:

584 3900 616 3948 ut
632 3896 657 3948 si
674 3897 735 3964 quis
753 3897 839 3949 uiolas
857 3897 969 3966 riyuom
983 3912 1109 3964 papaver
1126 3897 1157 3949 in
1173 3897 1253 3951 horto

586 3981 696 4049 liliaque
714 3982 852 4052 infringat
869 3983 955 4048 fuluis
972 3984 1115 4038 haerentia
1133 3983 1240 4053 lisignis,

588 4065 713 4120 nasuta
732 4067 876 4123 demittant
892 4069 980 4123 subito
999 4073 1083 4137 caput
1100 4069 1151 4123 illa
1167 4074 1310 4139 macutum

589 4169 639 4206 nec
656 4169 684 4207 se
701 4154 858 4209 sustineant
876 4160 1051 4224 spectentque
1068 4157 1210 4210 cacumine
1228 4161 1345 4209 terram:

587 4239 626 4293 sic
644 4240 735 4292 erutus
754 4242 872 4294 moriens
889 4242 962 4295 iacet
979 4247 1027 4296 etc.

485 4341 671 4426 Saepissime
695 4344 826 4410 Ovidius
850 4346 882 4410 in
906 4347 950 4411 eis
974 4349 1118 4414 versatur
1141 4346 1341 4430 imaginibus,
1366 4346 1478 4429 quihus
1502 4362 1565 4408 non

383 4443 483 4510 animi
517 4464 625 4513 sensus
648 4467 702 4531 per
725 4466 774 4526 se,
799 4450 852 4514 sed
876 4449 900 4514 ii
930 4451 1065 4534 corporis
1088 4455 1207 4531 motus,
1233 4449 1345 4532 quibus
1378 4451 1564 4532 produntur,
1665 4493 1666 4540 3

382 4548 499 4631 depicti
521 4552 602 4617 sunt.
632 4550 738 4634 itaque
762 4553 886 4618 animus
909 4573 940 4619 re
964 4554 1126 4635 inopinata
1149 4554 1331 4637 perterritus
1355 4550 1565 4620 similitudine
