3370 5134
810 513 1045 578 -124-

337 701 490 768 Ovidium
513 702 666 786 legantur,
689 701 772 767 hnnc
794 702 901 784 ipsum
923 702 1057 768 finxisse.
1080 721 1153 767 nam
1170 702 1317 768 conflavit
1333 707 1423 786 poeta
1438 702 1519 768 hanc

335 806 577 889 descriptionem
601 808 702 872 totam
725 827 741 872 e
766 808 924 871 variorum
937 810 1101 890 poetarum
1116 807 1295 873 imitatione
1318 805 1365 870 ita
1380 806 1520 888 quidem,

334 912 371 975 ut
393 909 443 976 vir
465 929 561 975 unam
583 911 719 992 proferre
742 911 843 994 possis
866 910 1122 988 similitudinem,
1157 911 1190 975 in
1224 927 1287 993 qua
1309 912 1520 992 componenda

334 1031 398 1079 non
418 1014 500 1079 alius
521 1025 629 1096 poetae
651 1012 782 1080 Ovidius
818 1019 944 1078 secutus
968 1013 1011 1078 sit
1034 1013 1220 1095 exemplum.
1260 1015 1356 1096 atque
1378 1013 1461 1079 aliae
1483 1031 1521 1078 ex

333 1116 382 1182 his
404 1117 596 1201 imaginibus
619 1117 699 1183 nihil
728 1121 802 1183 sunt
831 1118 893 1182 nisi
915 1116 1106 1183 variationes
1130 1134 1240 1182 earum
1262 1116 1518 1196 similitudinum,

334 1239 467 1303 quarum
487 1221 645 1304 originem
677 1221 796 1286 iamin
819 1220 923 1304 prima
955 1219 1049 1286 huius
1072 1219 1303 1287 dissertationis
1335 1221 1519 1286 deteximus.

332 1322 377 1388 ric
400 1321 531 1390 Ovidius
554 1343 590 1389 ee
612 1325 760 1408 imagine,
783 1343 862 1407 quac
886 1328 971 1390 extet
993 1325 1027 1389 in
1044 1343 1134 1389 versu
1150 1322 1213 1389 804
1228 1322 1360 1390 ‘calcato
1375 1324 1519 1389 inmitior

336 1424 452 1509 hydro',
487 1427 623 1493 variavit
657 1432 689 1493 et
710 1428 745 1493 in
768 1427 890 1494 brevius
925 1428 1081 1493 contraxit
1110 1427 1240 1492 Homeri
1273 1427 1519 1492 similitudinem

331 1531 425 1596 illam
457 1530 496 1596 de
528 1550 630 1616 angue
662 1532 821 1598 aviatore
855 1533 923 1597 viso
956 1532 1008 1596 vel
1041 1531 1117 1614 pede
1152 1550 1260 1614 presso
1294 1532 1361 1598 sive
1396 1531 1517 1597 calcato

332 1634 371 1699 ll.
395 1655 416 1712 γ
436 1634 479 1700 33
508 1653 587 1718 σφα,
621 1654 716 1718 quam
748 1635 921 1721 imaginem
952 1636 1113 1702 Nasonem
1147 1637 1181 1701 in
1214 1633 1335 1702 deliciis
1369 1633 1517 1700 habuisse

331 1737 403 1802 inde
426 1741 623 1823 coarguitur,
660 1740 742 1822 quod
776 1757 845 1805 eam
868 1742 995 1824 praeter
1023 1739 1107 1804 huno
1130 1739 1234 1805 locum
1268 1737 1318 1804 bis
1340 1739 1516 1822 usurpavit,

333 1843 420 1910 vast
442 1841 474 1907 ΙΙ
497 1844 558 1909 341
583 1861 628 1925 sq.
653 1847 684 1908 et
707 1843 747 1908 A.
771 1846 812 1910 A.
835 1842 963 1908 11376.
988 1843 1127 1926 itemque
1158 1842 1214 1908 has
1237 1845 1344 1910 ambas
1366 1843 1517 1908 similitu·

331 1946 432 2028 dines,
456 1965 535 2028 quae
557 1947 591 2010 in
613 1964 644 2010 v.
668 1943 732 2012 806
755 1965 801 2028 sq.
825 1945 991 2030 leguntur:

534 2083 592 2120 aaa
609 2071 719 2121 tautam
736 2082 815 2122 σονοο
832 2067 915 2120 claris
932 2066 1080 2121 latratibus
1097 2072 1167 2134 acto,

534 2168 629 2206 caram
646 2154 728 2208 aiam
745 2155 831 2208 camis
849 2154 1006 2222 οοῐαονύονο
1023 2152 1153 2224 sagacior
1169 2169 1252 2220 cara,

329 2256 369 2320 ad
392 2257 521 2322 Homeri
544 2258 707 2341 praedium
737 2259 892 2342 pertinere
927 2257 1005 2323 bene
1037 2260 1197 2342 cognitum
1230 2257 1373 2338 habebis,
1406 2257 1436 2322 si
1469 2275 1518 2338 ea,

329 2379 408 2443 quae
430 2362 493 2427 ium
516 2362 762 2444 disputavimus,
786 2361 1008 2428 recordaberis.
1033 2381 1107 2427 nam
1129 2362 1214 2446 prior
1235 2363 1339 2444 imago
1361 2360 1399 2426 de
1421 2378 1515 2426 cervo

330 2463 424 2529 claris
448 2465 615 2532 latratibus
638 2468 708 2532 acto
732 2470 840 2548 aperte
856 2466 999 2548 congruit
1016 2483 1088 2530 cum
1103 2466 1234 2532 Homeri
1251 2463 1515 2531 similitudinibus

328 2565 368 2630 ll.
390 2589 409 2634 o
433 2567 493 2633 271
519 2588 582 2652 sq.:

540 2687 568 2742 ot
586 2688 611 2741 δ’
630 2689 700 2744 ὥστ’
718 2691 736 2756 ἢ
756 2691 865 2756 ἔλαφον
883 2690 988 2758 κεραὸν
1006 2691 1024 2756 ἢ
1044 2691 1143 2759 ἄγριον
1162 2691 1228 2758 alva

534 2775 695 2831 ἐσσεύαντο
713 2777 798 2840 κύνες
820 2812 828 2828 .
854 2813 862 2829 .
889 2814 897 2828 .
923 2813 931 2828 .

328 2873 359 2936 et
381 2871 420 2937 ll.
443 2893 463 2952 χ
487 2872 549 2939 189
572 2891 636 2954 sq.:

535 2984 575 3046 ὼς
595 2983 619 3036 δ’
639 2985 688 3038 ὅτε
706 2984 811 3052 νεβρὸν
830 2984 933 3052 ὄρεσφι
952 2985 1030 3038 κύων
1049 2984 1168 3051 ἐλάφοιο
1187 2982 1290 3050 δίηται,

533 3069 621 3136 ύρσος
639 3069 668 3124 ἐξ
686 3070 772 3137 εύνῆς
793 3105 801 3122 .
827 3105 836 3122 .
862 3106 870 3123 .
895 3105 905 3123 .
947 3097 958 3120 a

326 3175 360 3239 in
383 3173 485 3240 altera
506 3176 611 3238 eutem
633 3174 770 3256 imagine
792 3174 831 3240 ad
855 3192 964 3240 auram
986 3173 1164 3258 pertinente
1186 3173 1317 3239 eundem
1341 3173 1520 3238 Homerum

327 3277 495 3361 praeivisse
517 3277 581 3341 iam
603 3276 799 3342 ostendimus
821 3275 878 3356 ibi,
902 3277 956 3343 ubi
980 3281 1018 3343 de
1040 3275 1262 3360 similitudine,
1294 3295 1373 3358 quae
1395 3275 1517 3360 legitur

329 3380 369 3446 ll.
395 3404 414 3448 κ
438 3377 514 3458 437,
543 3379 759 3457 disseruimus,
783 3397 879 3463 quam
901 3377 1032 3445 Ovidius
1061 3380 1157 3444 etiam
1172 3378 1392 3445 Metaurus
1408 3379 1516 3445 verbis

324 3477 472 3550 ‘velocius
494 3480 576 3548 aura'
601 3482 755 3548 imitando
778 3483 940 3564 expressit.
965 3483 1006 3547 ci.
1029 3501 1058 3565 p.
1082 3483 1124 3548 33
1146 3501 1193 3565 sq.

429 3584 520 3652 Aliae
542 3603 633 3669 porro
656 3587 807 3668 imagines
831 3585 924 3651 huius
946 3585 1006 3651 loci
1030 3583 1176 3650 Ovidieni
1204 3588 1245 3652 ad
1272 3585 1353 3651 alios
1379 3585 1513 3652 redeunt

324 3695 441 3772 poetas,
465 3689 503 3754 de
525 3689 638 3772 quibos
661 3708 731 3755 mcx
754 3690 924 3772 exposituri
946 3707 1065 3755 sumus.
1095 3690 1156 3755 huc
1177 3689 1314 3773 pertinet
1336 3707 1373 3754 ea
1394 3689 1513 3774 imago,

323 3812 402 3877 quae
425 3793 512 3857 extat
533 3792 567 3856 in
590 3811 619 3857 v.
633 3793 695 3858 801
722 3791 777 3858 ‘his
800 3792 980 3858 inmobilior
1002 3792 1158 3876 scopulis,
1183 3795 1216 3857 ct
1231 3812 1278 3872 ca,
1296 3811 1374 3875 quae
1390 3793 1511 3877 legitur

324 3898 357 3961 in
380 3914 412 3962 v.
435 3895 501 3962 804
522 3888 655 3961 ‘surdior
669 3895 874 3980 aequoribus',
891 3915 966 3979 qnae
984 3894 1135 3962 Ovidium
1149 3895 1258 3962 eodem
1273 3896 1365 3962 modo
1380 3897 1512 3963 Horatio

325 3999 436 4064 debere
448 4017 544 4081 quam
556 3998 636 4064 illud
647 3997 850 4083 ‘splendidior
862 3997 952 4065 vitro’
963 4002 1073 4082 postea
1085 3998 1359 4065 demonstrabitur.
1372 4000 1513 4083 itemque

323 4104 504 4169 ostendetur
528 4119 597 4166 eam
620 4101 802 4186 imaginem,
827 4121 975 4186 quamv.
1000 4103 1063 4168 798
1086 4103 1319 4186 complectitur:

527 4219 636 4274 saeuior
652 4219 792 4275 coaonae
809 4220 904 4276 eadam
924 4220 1042 4276 Galatea
1059 4221 1191 4288 baccara,

322 4324 457 4404 fundum
478 4322 594 4390 habore
616 4323 651 4390 in
672 4324 829 4409 Propertii
851 4327 989 4412 imagine
1007 4327 1038 4392 11
1060 4327 1091 4406 4,
1114 4327 1135 4392 3
1157 4347 1202 4411 sq.
1225 4327 1261 4424 B.

423 4427 515 4494 Aliae
538 4429 671 4512 deniqne
692 4430 849 4514 imagines
872 4435 916 4498 ita
937 4436 1011 4498 sunt
1027 4436 1236 4514 comparatae,
1262 4433 1298 4496 ut
1312 4449 1363 4497 eas
1378 4429 1510 4498 Ovidius

321 4531 388 4615 ipse
411 4533 602 4616 excogitasse
619 4531 773 4598 videatur.
790 4552 994 4618 quamquam,
1010 4534 1037 4599 si
1053 4534 1133 4601 hanc
1148 4534 1391 4618 descriptionem
1406 4537 1511 4602 totam
