<?xml version="1.0" encoding="UTF-8"?>
<!DOCTYPE html PUBLIC "-//W3C//DTD XHTML 1.0 Transitional//EN"
    "http://www.w3.org/TR/xhtml1/DTD/xhtml1-transitional.dtd">
<html xmlns="http://www.w3.org/1999/xhtml" xml:lang="en" lang="en">
 <head>
  <title>
</title>
<meta http-equiv="Content-Type" content="text/html;charset=utf-8" />
  <meta name='ocr-system' content='tesseract 3.04.00' />
  <meta name='ocr-capabilities' content='ocr_page ocr_carea ocr_par ocr_line ocrx_word'/>
</head>
<body>
  <div class='ocr_page' id='page_1' title='image "./desimilitudinib00washgoog_0093.png"; bbox 0 0 3366 5132; ppageno 0'>
   <div class='ocr_carea' id='block_1_1' title="bbox 843 503 1052 566">
    <p class='ocr_par' dir='ltr' id='par_1_1' title="bbox 843 503 1052 566">
     <span class='ocr_line' id='line_1_1' title="bbox 843 503 1052 566; baseline 0.01 -18"><span class='ocrx_word' id='word_1_1' title='bbox 843 503 1052 566; x_wconf 71' lang='lat'><em>„80-</em></span> 
     </span>
    </p>
   </div>
   <div class='ocr_carea' id='block_1_2' title="bbox 353 687 1545 2118">
    <p class='ocr_par' dir='ltr' id='par_1_2' title="bbox 354 687 1545 1086">
     <span class='ocr_line' id='line_1_2' title="bbox 354 687 1545 774; baseline -0.003 -18"><span class='ocrx_word' id='word_1_2' title='bbox 354 693 519 774; x_wconf 88' lang='lat' dir='ltr'>cognitum</span> <span class='ocrx_word' id='word_1_3' title='bbox 548 690 684 770; x_wconf 87' lang='lat' dir='ltr'>habebit,</span> <span class='ocrx_word' id='word_1_4' title='bbox 709 691 793 755; x_wconf 86' lang='lat' dir='ltr'>certe</span> <span class='ocrx_word' id='word_1_5' title='bbox 816 691 953 756; x_wconf 90' lang='lat' dir='ltr'>eiusdem</span> <span class='ocrx_word' id='word_1_6' title='bbox 976 689 1122 772; x_wconf 88' lang='lat' dir='ltr'>loquendi</span> <span class='ocrx_word' id='word_1_7' title='bbox 1145 689 1298 756; x_wconf 84' lang='lat' dir='ltr'>rationem</span> <span class='ocrx_word' id='word_1_8' title='bbox 1320 688 1438 758; x_wconf 89' lang='lat' dir='ltr'>iudicat</span> <span class='ocrx_word' id='word_1_9' title='bbox 1461 687 1545 753; x_wconf 81' lang='lat' dir='ltr'>illuri</span> 
     </span>
     <span class='ocr_line' id='line_1_3' title="bbox 357 794 1545 878; baseline -0.003 -18"><span class='ocrx_word' id='word_1_10' title='bbox 357 795 487 862; x_wconf 83' lang='lat' dir='ltr'>‘semina</span> <span class='ocrx_word' id='word_1_11' title='bbox 516 794 630 860; x_wconf 88' lang='lat' dir='ltr'>rerum&#39;</span> <span class='ocrx_word' id='word_1_12' title='bbox 653 796 686 860; x_wconf 89' lang='lat' dir='ltr'>in</span> <span class='ocrx_word' id='word_1_13' title='bbox 709 814 738 858; x_wconf 88' lang='lat' dir='ltr'>v.</span> <span class='ocrx_word' id='word_1_14' title='bbox 761 795 834 872; x_wconf 87' lang='lat'>419,</span> <span class='ocrx_word' id='word_1_15' title='bbox 869 813 947 877; x_wconf 87' lang='lat' dir='ltr'>quae</span> <span class='ocrx_word' id='word_1_16' title='bbox 971 797 1134 862; x_wconf 86' lang='lat' dir='ltr'>verborum</span> <span class='ocrx_word' id='word_1_17' title='bbox 1168 795 1344 861; x_wconf 89' lang='lat' dir='ltr'>coniunctio</span> <span class='ocrx_word' id='word_1_18' title='bbox 1373 796 1456 878; x_wconf 92' lang='lat' dir='ltr'>apud</span> <span class='ocrx_word' id='word_1_19' title='bbox 1479 794 1545 857; x_wconf 89' lang='lat' dir='ltr'>Lu·</span> 
     </span>
     <span class='ocr_line' id='line_1_4' title="bbox 354 897 1545 984; baseline 0.001 -21"><span class='ocrx_word' id='word_1_20' title='bbox 354 897 487 964; x_wconf 83' lang='lat' dir='ltr'>cratium</span> <span class='ocrx_word' id='word_1_21' title='bbox 517 899 678 981; x_wconf 67' lang='lat' dir='ltr'>legitur&#39;H</span> <span class='ocrx_word' id='word_1_22' title='bbox 702 899 763 964; x_wconf 79' lang='lat' dir='ltr'>ott</span> <span class='ocrx_word' id='word_1_23' title='bbox 788 898 915 975; x_wconf 85' lang='grc'><strong>11833,</strong></span> <span class='ocrx_word' id='word_1_24' title='bbox 939 915 1070 981; x_wconf 89' lang='lat' dir='ltr'>quorum</span> <span class='ocrx_word' id='word_1_25' title='bbox 1093 899 1230 964; x_wconf 89' lang='lat' dir='ltr'>locorum</span> <span class='ocrx_word' id='word_1_26' title='bbox 1254 899 1336 964; x_wconf 87' lang='lat' dir='ltr'>alter</span> <span class='ocrx_word' id='word_1_27' title='bbox 1358 899 1450 984; x_wconf 90' lang='lat' dir='ltr'>paulo</span> <span class='ocrx_word' id='word_1_28' title='bbox 1467 903 1545 964; x_wconf 88' lang='lat' dir='ltr'>aute</span> 
     </span>
     <span class='ocr_line' id='line_1_5' title="bbox 356 1001 1435 1086; baseline 0.003 -20"><span class='ocrx_word' id='word_1_29' title='bbox 356 1002 598 1084; x_wconf 75' lang='lat' dir='ltr'>descriptionem</span> <span class='ocrx_word' id='word_1_30' title='bbox 619 1001 717 1080; x_wconf 91' lang='lat' dir='ltr'>illam,</span> <span class='ocrx_word' id='word_1_31' title='bbox 741 1003 956 1085; x_wconf 90' lang='lat' dir='ltr'>quamprimo</span> <span class='ocrx_word' id='word_1_32' title='bbox 980 1002 1046 1066; x_wconf 91' lang='lat' dir='ltr'>loco</span> <span class='ocrx_word' id='word_1_33' title='bbox 1068 1002 1240 1086; x_wconf 83' lang='lat' dir='ltr'><strong>posuimus,</strong></span> <span class='ocrx_word' id='word_1_34' title='bbox 1263 1004 1435 1068; x_wconf 87' lang='lat' dir='ltr'>invenitur.</span> 
     </span>
    </p>

    <p class='ocr_par' dir='ltr' id='par_1_3' title="bbox 353 1104 1545 2118">
     <span class='ocr_line' id='line_1_6' title="bbox 457 1104 1545 1188; baseline 0.001 -19"><span class='ocrx_word' id='word_1_35' title='bbox 457 1104 607 1172; x_wconf 81' lang='lat' dir='ltr'><strong>Videmus</strong></span> <span class='ocrx_word' id='word_1_36' title='bbox 630 1105 728 1186; x_wconf 85' lang='lat' dir='ltr'>igitur</span> <span class='ocrx_word' id='word_1_37' title='bbox 750 1106 782 1170; x_wconf 89' lang='lat' dir='ltr'>iu</span> <span class='ocrx_word' id='word_1_38' title='bbox 807 1106 871 1183; x_wconf 89' lang='lat' dir='ltr'>illa,</span> <span class='ocrx_word' id='word_1_39' title='bbox 904 1123 997 1187; x_wconf 90' lang='lat' dir='ltr'>quam</span> <span class='ocrx_word' id='word_1_40' title='bbox 1026 1124 1122 1187; x_wconf 91' lang='lat' dir='ltr'>supra</span> <span class='ocrx_word' id='word_1_41' title='bbox 1149 1106 1375 1188; x_wconf 84' lang='lat' dir='ltr'>proposuimus,</span> <span class='ocrx_word' id='word_1_42' title='bbox 1404 1107 1545 1186; x_wconf 89' lang='lat' dir='ltr'>descrip-</span> 
     </span>
     <span class='ocr_line' id='line_1_7' title="bbox 354 1207 1544 1292; baseline 0.001 -21"><span class='ocrx_word' id='word_1_43' title='bbox 354 1207 435 1272; x_wconf 90' lang='lat' dir='ltr'>tione</span> <span class='ocrx_word' id='word_1_44' title='bbox 443 1208 596 1274; x_wconf 87' lang='lat' dir='ltr'>Ovidiana</span> <span class='ocrx_word' id='word_1_45' title='bbox 604 1228 664 1274; x_wconf 92' lang='lat' dir='ltr'>non</span> <span class='ocrx_word' id='word_1_46' title='bbox 675 1209 779 1275; x_wconf 91' lang='lat' dir='ltr'>solum</span> <span class='ocrx_word' id='word_1_47' title='bbox 791 1209 965 1292; x_wconf 90' lang='lat' dir='ltr'>complures</span> <span class='ocrx_word' id='word_1_48' title='bbox 972 1207 1110 1274; x_wconf 84' lang='lat' dir='ltr'>Lucretii</span> <span class='ocrx_word' id='word_1_49' title='bbox 1121 1207 1314 1274; x_wconf 78' lang='lat' dir='ltr'><strong>imitationes</strong></span> <span class='ocrx_word' id='word_1_50' title='bbox 1327 1209 1470 1286; x_wconf 84' lang='lat' dir='ltr'>inveniri,</span> <span class='ocrx_word' id='word_1_51' title='bbox 1488 1210 1544 1273; x_wconf 89' lang='lat' dir='ltr'>sed</span> 
     </span>
     <span class='ocr_line' id='line_1_8' title="bbox 354 1309 1545 1378; baseline -0.001 -3"><span class='ocrx_word' id='word_1_52' title='bbox 354 1312 478 1376; x_wconf 90' lang='lat' dir='ltr'>omuino</span> <span class='ocrx_word' id='word_1_53' title='bbox 500 1316 605 1377; x_wconf 88' lang='lat' dir='ltr'>totum</span> <span class='ocrx_word' id='word_1_54' title='bbox 628 1309 732 1376; x_wconf 86' lang='lat' dir='ltr'>Ovidii</span> <span class='ocrx_word' id='word_1_55' title='bbox 755 1311 859 1376; x_wconf 90' lang='lat' dir='ltr'>locum</span> <span class='ocrx_word' id='word_1_56' title='bbox 887 1311 1112 1378; x_wconf 88' lang='lat' dir='ltr'>Lucretianum</span> <span class='ocrx_word' id='word_1_57' title='bbox 1143 1329 1320 1377; x_wconf 90' lang='lat' dir='ltr'>sermonem</span> <span class='ocrx_word' id='word_1_58' title='bbox 1346 1313 1486 1377; x_wconf 77' lang='lat' dir='ltr'>redolere</span> <span class='ocrx_word' id='word_1_59' title='bbox 1513 1317 1545 1374; x_wconf 86' lang='lat' dir='ltr'>et</span> 
     </span>
     <span class='ocr_line' id='line_1_9' title="bbox 353 1415 1545 1498; baseline 0 -20"><span class='ocrx_word' id='word_1_60' title='bbox 353 1415 515 1498; x_wconf 88' lang='lat' dir='ltr'>tamquam</span> <span class='ocrx_word' id='word_1_61' title='bbox 538 1416 605 1480; x_wconf 91' lang='lat' dir='ltr'>eius</span> <span class='ocrx_word' id='word_1_62' title='bbox 628 1415 780 1481; x_wconf 89' lang='lat' dir='ltr'>coloribus</span> <span class='ocrx_word' id='word_1_63' title='bbox 814 1416 958 1480; x_wconf 85' lang='lat' dir='ltr'>ornatum</span> <span class='ocrx_word' id='word_1_64' title='bbox 991 1418 1085 1498; x_wconf 86' lang='lat' dir='ltr'>atque</span> <span class='ocrx_word' id='word_1_65' title='bbox 1120 1416 1305 1482; x_wconf 89' lang='lat' dir='ltr'>distinctum</span> <span class='ocrx_word' id='word_1_66' title='bbox 1327 1435 1404 1482; x_wconf 89' lang='lat' dir='ltr'>esse.</span> <span class='ocrx_word' id='word_1_67' title='bbox 1444 1417 1479 1480; x_wconf 88' lang='grc'>11</span> <span class='ocrx_word' id='word_1_68' title='bbox 1504 1434 1545 1478; x_wconf 90' lang='grc'>11</span> 
     </span>
     <span class='ocr_line' id='line_1_10' title="bbox 354 1516 1542 1602; baseline 0 -20"><span class='ocrx_word' id='word_1_69' title='bbox 354 1519 423 1600; x_wconf 91' lang='lat' dir='ltr'>quis</span> <span class='ocrx_word' id='word_1_70' title='bbox 446 1521 591 1601; x_wconf 80' lang='lat' dir='ltr'>opinetur</span> <span class='ocrx_word' id='word_1_71' title='bbox 606 1516 753 1583; x_wconf 86' lang='lat' dir='ltr'>Ovidium</span> <span class='ocrx_word' id='word_1_72' title='bbox 777 1519 808 1584; x_wconf 92' lang='lat' dir='ltr'>in</span> <span class='ocrx_word' id='word_1_73' title='bbox 833 1518 1041 1600; x_wconf 80' lang='lat' dir='ltr'>descriptione</span> <span class='ocrx_word' id='word_1_74' title='bbox 1064 1537 1121 1584; x_wconf 87' lang='lat' dir='ltr'>sua</span> <span class='ocrx_word' id='word_1_75' title='bbox 1137 1519 1169 1582; x_wconf 94' lang='lat' dir='ltr'>id</span> <span class='ocrx_word' id='word_1_76' title='bbox 1185 1519 1299 1584; x_wconf 88' lang='lat' dir='ltr'>habere</span> <span class='ocrx_word' id='word_1_77' title='bbox 1315 1519 1460 1602; x_wconf 85' lang='lat' dir='ltr'>propriae</span> <span class='ocrx_word' id='word_1_78' title='bbox 1478 1519 1542 1584; x_wconf 91' lang='lat' dir='ltr'>sibi</span> 
     </span>
     <span class='ocr_line' id='line_1_11' title="bbox 354 1621 1543 1706; baseline -0.002 -18"><span class='ocrx_word' id='word_1_79' title='bbox 354 1623 445 1702; x_wconf 88' lang='lat' dir='ltr'>dotis,</span> <span class='ocrx_word' id='word_1_80' title='bbox 469 1622 550 1705; x_wconf 88' lang='lat' dir='ltr'>quod</span> <span class='ocrx_word' id='word_1_81' title='bbox 573 1621 640 1686; x_wconf 89' lang='lat' dir='ltr'>Nili</span> <span class='ocrx_word' id='word_1_82' title='bbox 662 1621 778 1686; x_wconf 91' lang='lat' dir='ltr'>flumen</span> <span class='ocrx_word' id='word_1_83' title='bbox 801 1641 856 1703; x_wconf 89' lang='lat' dir='ltr'>per</span> <span class='ocrx_word' id='word_1_84' title='bbox 878 1623 1049 1706; x_wconf 82' lang='lat' dir='ltr'>imaginem</span> <span class='ocrx_word' id='word_1_85' title='bbox 1078 1623 1244 1700; x_wconf 85' lang='lat' dir='ltr'>induxerit,</span> <span class='ocrx_word' id='word_1_86' title='bbox 1278 1622 1341 1687; x_wconf 87' lang='lat' dir='ltr'>iam</span> <span class='ocrx_word' id='word_1_87' title='bbox 1364 1623 1543 1688; x_wconf 82' lang='lat' dir='ltr'>extremum</span> 
     </span>
     <span class='ocr_line' id='line_1_12' title="bbox 354 1726 1542 1812; baseline 0.001 -23"><span class='ocrx_word' id='word_1_88' title='bbox 354 1726 491 1790; x_wconf 89' lang='lat' dir='ltr'>Lucretii</span> <span class='ocrx_word' id='word_1_89' title='bbox 513 1727 618 1791; x_wconf 92' lang='lat' dir='ltr'>locum</span> <span class='ocrx_word' id='word_1_90' title='bbox 640 1726 762 1808; x_wconf 90' lang='lat' dir='ltr'>prodire</span> <span class='ocrx_word' id='word_1_91' title='bbox 785 1728 886 1805; x_wconf 91' lang='lat' dir='ltr'>iubeo,</span> <span class='ocrx_word' id='word_1_92' title='bbox 911 1744 1011 1809; x_wconf 89' lang='lat' dir='ltr'>aquo</span> <span class='ocrx_word' id='word_1_93' title='bbox 1041 1727 1244 1810; x_wconf 88' lang='lat' dir='ltr'>potissimum</span> <span class='ocrx_word' id='word_1_94' title='bbox 1271 1727 1418 1812; x_wconf 80' lang='lat' dir='ltr'>imaginis</span> <span class='ocrx_word' id='word_1_95' title='bbox 1448 1727 1542 1791; x_wconf 92' lang='lat' dir='ltr'>illius</span> 
     </span>
     <span class='ocr_line' id='line_1_13' title="bbox 354 1828 1542 1914; baseline -0.001 -20"><span class='ocrx_word' id='word_1_96' title='bbox 354 1831 440 1914; x_wconf 88' lang='lat' dir='ltr'>origo</span> <span class='ocrx_word' id='word_1_97' title='bbox 469 1828 609 1895; x_wconf 89' lang='lat' dir='ltr'>ducenda</span> <span class='ocrx_word' id='word_1_98' title='bbox 639 1832 695 1911; x_wconf 93' lang='lat' dir='ltr'>est,</span> <span class='ocrx_word' id='word_1_99' title='bbox 727 1829 795 1895; x_wconf 93' lang='lat' dir='ltr'>dico</span> <span class='ocrx_word' id='word_1_100' title='bbox 827 1830 901 1894; x_wconf 92' lang='lat' dir='ltr'>libri</span> <span class='ocrx_word' id='word_1_101' title='bbox 931 1831 976 1896; x_wconf 89' lang='lat' dir='ltr'>Vl</span> <span class='ocrx_word' id='word_1_102' title='bbox 1007 1849 1113 1895; x_wconf 85' lang='lat' dir='ltr'>versus</span> <span class='ocrx_word' id='word_1_103' title='bbox 1138 1830 1202 1895; x_wconf 78' lang='lat'>712</span> <span class='ocrx_word' id='word_1_104' title='bbox 1225 1850 1302 1913; x_wconf 76' lang='lat' dir='ltr'>sqq,</span> <span class='ocrx_word' id='word_1_105' title='bbox 1335 1832 1449 1913; x_wconf 89' lang='lat' dir='ltr'>quibus</span> <span class='ocrx_word' id='word_1_106' title='bbox 1472 1830 1542 1894; x_wconf 90' lang='lat' dir='ltr'>Nili</span> 
     </span>
     <span class='ocr_line' id='line_1_14' title="bbox 354 1932 1542 2017; baseline -0.001 -20"><span class='ocrx_word' id='word_1_107' title='bbox 354 1933 582 1997; x_wconf 86' lang='lat' dir='ltr'>incrementum</span> <span class='ocrx_word' id='word_1_108' title='bbox 604 1933 688 1998; x_wconf 84' lang='lat' dir='ltr'>vario</span> <span class='ocrx_word' id='word_1_109' title='bbox 704 1933 795 1997; x_wconf 91' lang='lat' dir='ltr'>modo</span> <span class='ocrx_word' id='word_1_110' title='bbox 811 1934 997 1999; x_wconf 90' lang='lat' dir='ltr'>naturaliter</span> <span class='ocrx_word' id='word_1_111' title='bbox 1012 1934 1195 2017; x_wconf 85' lang='lat' dir='ltr'>explicatur.</span> <span class='ocrx_word' id='word_1_112' title='bbox 1219 1949 1297 2016; x_wconf 89' lang='lat' dir='ltr'>quae</span> <span class='ocrx_word' id='word_1_113' title='bbox 1313 1932 1542 2016; x_wconf 83' lang='lat' dir='ltr'>disputationis</span> 
     </span>
     <span class='ocr_line' id='line_1_15' title="bbox 355 2035 865 2118; baseline 0 -18"><span class='ocrx_word' id='word_1_114' title='bbox 355 2055 426 2118; x_wconf 91' lang='lat' dir='ltr'>pars</span> <span class='ocrx_word' id='word_1_115' title='bbox 449 2036 498 2100; x_wconf 94' lang='lat' dir='ltr'>his</span> <span class='ocrx_word' id='word_1_116' title='bbox 521 2035 684 2101; x_wconf 88' lang='lat' dir='ltr'>incohatur</span> <span class='ocrx_word' id='word_1_117' title='bbox 707 2036 865 2101; x_wconf 86' lang='lat' dir='ltr'>uersibus:</span> 
     </span>
    </p>
   </div>
   <div class='ocr_carea' id='block_1_3' title="bbox 559 2173 1293 2501">
    <p class='ocr_par' dir='ltr' id='par_1_4' title="bbox 559 2173 1293 2329">
     <span class='ocr_line' id='line_1_16' title="bbox 561 2173 1293 2242; baseline 0.001 -15"><span class='ocrx_word' id='word_1_118' title='bbox 561 2174 644 2227; x_wconf 82' lang='lat' dir='ltr'>Nitas</span> <span class='ocrx_word' id='word_1_119' title='bbox 662 2174 694 2226; x_wconf 81' lang='lat' dir='ltr'>ta</span> <span class='ocrx_word' id='word_1_120' title='bbox 711 2179 838 2228; x_wconf 75' lang='lat' dir='ltr'>aestatem</span> <span class='ocrx_word' id='word_1_121' title='bbox 857 2176 953 2228; x_wconf 80' lang='lat' dir='ltr'>crescit</span> <span class='ocrx_word' id='word_1_122' title='bbox 972 2176 1126 2242; x_wconf 76' lang='lat' dir='ltr'>campisque</span> <span class='ocrx_word' id='word_1_123' title='bbox 1144 2173 1293 2237; x_wconf 76' lang='lat' dir='ltr'>redundat,</span> 
     </span>
     <span class='ocr_line' id='line_1_17' title="bbox 559 2260 1161 2329; baseline 0 -15"><span class='ocrx_word' id='word_1_124' title='bbox 559 2260 709 2314; x_wconf 79' lang='lat' dir='ltr'>anteacta</span> <span class='ocrx_word' id='word_1_125' title='bbox 727 2261 807 2313; x_wconf 80' lang='lat' dir='ltr'>terris</span> <span class='ocrx_word' id='word_1_126' title='bbox 825 2260 942 2329; x_wconf 81' lang='lat' dir='ltr'>Aepppte‘</span> <span class='ocrx_word' id='word_1_127' title='bbox 960 2262 1043 2316; x_wconf 78' lang='lat' dir='ltr'>totius</span> <span class='ocrx_word' id='word_1_128' title='bbox 1062 2263 1161 2315; x_wconf 80' lang='lat' dir='ltr'>arants.</span> 
     </span>
    </p>

    <p class='ocr_par' dir='ltr' id='par_1_5' title="bbox 561 2346 1291 2501">
     <span class='ocr_line' id='line_1_18' title="bbox 561 2346 1291 2416; baseline 0 -17"><span class='ocrx_word' id='word_1_129' title='bbox 561 2347 585 2399; x_wconf 84' lang='lat' dir='ltr'>is</span> <span class='ocrx_word' id='word_1_130' title='bbox 602 2348 675 2416; x_wconf 70' lang='lat' dir='ltr'>rapat</span> <span class='ocrx_word' id='word_1_131' title='bbox 692 2346 846 2415; x_wconf 65' lang='lat' dir='ltr'>aeyyptum</span> <span class='ocrx_word' id='word_1_132' title='bbox 864 2347 983 2400; x_wconf 79' lang='lat' dir='ltr'>acediam</span> <span class='ocrx_word' id='word_1_133' title='bbox 997 2363 1150 2415; x_wconf 79' lang='lat' dir='ltr'>persaepe</span> <span class='ocrx_word' id='word_1_134' title='bbox 1169 2348 1291 2412; x_wconf 83' lang='lat' dir='ltr'>calorem,</span> 
     </span>
     <span class='ocr_line' id='line_1_19' title="bbox 561 2432 875 2501; baseline 0 -16"><span class='ocrx_word' id='word_1_135' title='bbox 561 2437 611 2486; x_wconf 89' lang='lat' dir='ltr'>aat</span> <span class='ocrx_word' id='word_1_136' title='bbox 628 2432 694 2501; x_wconf 78' lang='lat' dir='ltr'>qaia</span> <span class='ocrx_word' id='word_1_137' title='bbox 711 2438 778 2486; x_wconf 75' lang='lat' dir='ltr'>caat</span> <span class='ocrx_word' id='word_1_138' title='bbox 800 2471 806 2482; x_wconf 84' lang='lat'><strong>.</strong></span> <span class='ocrx_word' id='word_1_139' title='bbox 834 2469 841 2484; x_wconf 84' lang='grc'><strong>.</strong></span> <span class='ocrx_word' id='word_1_140' title='bbox 869 2470 875 2485; x_wconf 91' lang='grc'><strong>.</strong></span> 
     </span>
    </p>
   </div>
   <div class='ocr_carea' id='block_1_4' title="bbox 353 2557 1543 4610">
    <p class='ocr_par' dir='ltr' id='par_1_6' title="bbox 353 2557 1543 3264">
     <span class='ocr_line' id='line_1_20' title="bbox 356 2557 1543 2640; baseline 0.001 -19"><span class='ocrx_word' id='word_1_141' title='bbox 356 2559 438 2622; x_wconf 85' lang='grc'><strong>11111</strong></span> <span class='ocrx_word' id='word_1_142' title='bbox 472 2560 604 2639; x_wconf 90' lang='lat' dir='ltr'>augetur·</span> <span class='ocrx_word' id='word_1_143' title='bbox 638 2557 731 2622; x_wconf 92' lang='lat' dir='ltr'>huius</span> <span class='ocrx_word' id='word_1_144' title='bbox 771 2559 964 2623; x_wconf 86' lang='lat' dir='ltr'>coniecturae</span> <span class='ocrx_word' id='word_1_145' title='bbox 1005 2557 1211 2640; x_wconf 89' lang='lat' dir='ltr'>probabilitas</span> <span class='ocrx_word' id='word_1_146' title='bbox 1251 2577 1301 2637; x_wconf 89' lang='grc' dir='ltr'>1ο,</span> <span class='ocrx_word' id='word_1_147' title='bbox 1342 2557 1424 2640; x_wconf 90' lang='lat' dir='ltr'>quod</span> <span class='ocrx_word' id='word_1_148' title='bbox 1465 2557 1543 2622; x_wconf 88' lang='grc'><strong>11111</strong></span> 
     </span>
     <span class='ocr_line' id='line_1_21' title="bbox 353 2661 1541 2746; baseline -0.003 -19"><span class='ocrx_word' id='word_1_149' title='bbox 353 2661 421 2727; x_wconf 89' lang='lat' dir='ltr'>Nili</span> <span class='ocrx_word' id='word_1_150' title='bbox 444 2661 612 2743; x_wconf 88' lang='lat' dir='ltr'>descriptio</span> <span class='ocrx_word' id='word_1_151' title='bbox 647 2662 756 2727; x_wconf 86' lang='lat' dir='ltr'>statim</span> <span class='ocrx_word' id='word_1_152' title='bbox 780 2680 850 2728; x_wconf 90' lang='lat' dir='ltr'>eam</span> <span class='ocrx_word' id='word_1_153' title='bbox 872 2663 1081 2744; x_wconf 86' lang='lat' dir='ltr'>subsequitur,</span> <span class='ocrx_word' id='word_1_154' title='bbox 1117 2681 1196 2746; x_wconf 89' lang='lat' dir='ltr'>quae</span> <span class='ocrx_word' id='word_1_155' title='bbox 1226 2663 1408 2728; x_wconf 77' lang='grc'><strong>11111111</strong></span> <span class='ocrx_word' id='word_1_156' title='bbox 1433 2662 1541 2745; x_wconf 90' lang='lat' dir='ltr'>iguem</span> 
     </span>
     <span class='ocr_line' id='line_1_22' title="bbox 355 2764 1541 2850; baseline -0.001 -21"><span class='ocrx_word' id='word_1_157' title='bbox 355 2784 498 2830; x_wconf 87' lang='lat' dir='ltr'>voracem</span> <span class='ocrx_word' id='word_1_158' title='bbox 521 2767 552 2830; x_wconf 93' lang='grc'>11</span> <span class='ocrx_word' id='word_1_159' title='bbox 574 2767 613 2829; x_wconf 90' lang='lat' dir='ltr'>ad</span> <span class='ocrx_word' id='word_1_160' title='bbox 646 2787 732 2832; x_wconf 90' lang='lat' dir='ltr'>mare</span> <span class='ocrx_word' id='word_1_161' title='bbox 755 2786 815 2832; x_wconf 94' lang='lat' dir='ltr'>uon</span> <span class='ocrx_word' id='word_1_162' title='bbox 839 2769 994 2833; x_wconf 85' lang='lat' dir='ltr'>exundans</span> <span class='ocrx_word' id='word_1_163' title='bbox 1016 2768 1163 2850; x_wconf 82' lang='lat' dir='ltr'>pertinet,</span> <span class='ocrx_word' id='word_1_164' title='bbox 1187 2786 1263 2850; x_wconf 86' lang='lat' dir='ltr'>quos</span> <span class='ocrx_word' id='word_1_165' title='bbox 1286 2767 1369 2830; x_wconf 90' lang='lat' dir='ltr'>locos</span> <span class='ocrx_word' id='word_1_166' title='bbox 1388 2764 1541 2831; x_wconf 84' lang='lat' dir='ltr'>Ouidium</span> 
     </span>
     <span class='ocr_line' id='line_1_23' title="bbox 355 2869 1543 2955; baseline 0 -23"><span class='ocrx_word' id='word_1_167' title='bbox 355 2869 506 2934; x_wconf 90' lang='lat' dir='ltr'>imitando</span> <span class='ocrx_word' id='word_1_168' title='bbox 540 2871 724 2952; x_wconf 84' lang='lat' dir='ltr'>expressisse</span> <span class='ocrx_word' id='word_1_169' title='bbox 758 2871 823 2936; x_wconf 87' lang='lat' dir='ltr'>iam</span> <span class='ocrx_word' id='word_1_170' title='bbox 847 2871 1057 2955; x_wconf 85' lang='lat' dir='ltr'>cognovimus.</span> <span class='ocrx_word' id='word_1_171' title='bbox 1093 2889 1154 2954; x_wconf 87' lang='lat' dir='ltr'>qua</span> <span class='ocrx_word' id='word_1_172' title='bbox 1175 2890 1209 2936; x_wconf 90' lang='lat' dir='ltr'>re</span> <span class='ocrx_word' id='word_1_173' title='bbox 1232 2870 1357 2936; x_wconf 85' lang='lat' dir='ltr'>etiamsi</span> <span class='ocrx_word' id='word_1_174' title='bbox 1390 2869 1450 2934; x_wconf 89' lang='lat' dir='ltr'>hac</span> <span class='ocrx_word' id='word_1_175' title='bbox 1474 2871 1543 2933; x_wconf 87' lang='lat' dir='ltr'>tota</span> 
     </span>
     <span class='ocr_line' id='line_1_24' title="bbox 354 2971 1541 3058; baseline 0 -22"><span class='ocrx_word' id='word_1_176' title='bbox 354 2971 422 3036; x_wconf 88' lang='lat' dir='ltr'>Nili</span> <span class='ocrx_word' id='word_1_177' title='bbox 445 2972 648 3054; x_wconf 90' lang='lat' dir='ltr'>descriptione</span> <span class='ocrx_word' id='word_1_178' title='bbox 670 2993 709 3038; x_wconf 93' lang='lat' dir='ltr'>ue</span> <span class='ocrx_word' id='word_1_179' title='bbox 725 2974 819 3040; x_wconf 86' lang='lat' dir='ltr'>verbo</span> <span class='ocrx_word' id='word_1_180' title='bbox 835 2976 961 3058; x_wconf 91' lang='lat' dir='ltr'>quidem</span> <span class='ocrx_word' id='word_1_181' title='bbox 976 2975 1132 3040; x_wconf 89' lang='lat' dir='ltr'>iudicatur</span> <span class='ocrx_word' id='word_1_182' title='bbox 1148 2993 1184 3039; x_wconf 87' lang='grc'>11</span> <span class='ocrx_word' id='word_1_183' title='bbox 1200 2974 1273 3039; x_wconf 86' lang='lat' dir='ltr'>limo</span> <span class='ocrx_word' id='word_1_184' title='bbox 1289 2973 1382 3038; x_wconf 91' lang='lat' dir='ltr'>huius</span> <span class='ocrx_word' id='word_1_185' title='bbox 1397 2972 1541 3038; x_wconf 88' lang='lat' dir='ltr'>tlumiuis</span> 
     </span>
     <span class='ocr_line' id='line_1_25' title="bbox 356 3075 1540 3160; baseline 0 -20"><span class='ocrx_word' id='word_1_186' title='bbox 356 3075 506 3141; x_wconf 87' lang='lat' dir='ltr'>animalia</span> <span class='ocrx_word' id='word_1_187' title='bbox 528 3077 622 3160; x_wconf 88' lang='lat' dir='ltr'>nasci,</span> <span class='ocrx_word' id='word_1_188' title='bbox 647 3079 753 3142; x_wconf 90' lang='lat' dir='ltr'>tamen</span> <span class='ocrx_word' id='word_1_189' title='bbox 776 3081 843 3143; x_wconf 90' lang='lat' dir='ltr'>iure</span> <span class='ocrx_word' id='word_1_190' title='bbox 866 3079 1032 3160; x_wconf 87' lang='lat' dir='ltr'>suspiceris</span> <span class='ocrx_word' id='word_1_191' title='bbox 1055 3076 1214 3144; x_wconf 86' lang='lat' dir='ltr'>Nasonem</span> <span class='ocrx_word' id='word_1_192' title='bbox 1236 3077 1295 3142; x_wconf 90' lang='lat' dir='ltr'>boc</span> <span class='ocrx_word' id='word_1_193' title='bbox 1312 3076 1450 3141; x_wconf 83' lang='lat' dir='ltr'>Lucretii</span> <span class='ocrx_word' id='word_1_194' title='bbox 1472 3075 1540 3140; x_wconf 89' lang='lat' dir='ltr'>loco</span> 
     </span>
     <span class='ocr_line' id='line_1_26' title="bbox 354 3179 1212 3264; baseline 0.001 -20"><span class='ocrx_word' id='word_1_195' title='bbox 354 3181 394 3244; x_wconf 88' lang='lat' dir='ltr'>ad</span> <span class='ocrx_word' id='word_1_196' title='bbox 417 3179 485 3245; x_wconf 90' lang='lat' dir='ltr'>Nili</span> <span class='ocrx_word' id='word_1_197' title='bbox 505 3180 679 3263; x_wconf 84' lang='lat' dir='ltr'>imaginem</span> <span class='ocrx_word' id='word_1_198' title='bbox 702 3181 918 3264; x_wconf 87' lang='lat' dir='ltr'>proferendam</span> <span class='ocrx_word' id='word_1_199' title='bbox 942 3183 1113 3247; x_wconf 84' lang='lat' dir='ltr'>excitatum</span> <span class='ocrx_word' id='word_1_200' title='bbox 1137 3200 1212 3246; x_wconf 89' lang='lat' dir='ltr'>esse.</span> 
     </span>
    </p>

    <p class='ocr_par' dir='ltr' id='par_1_7' title="bbox 355 3282 1540 3971">
     <span class='ocr_line' id='line_1_27' title="bbox 458 3282 1538 3368; baseline -0.003 -20"><span class='ocrx_word' id='word_1_201' title='bbox 458 3284 670 3367; x_wconf 90' lang='lat' dir='ltr'>Descriptioni</span> <span class='ocrx_word' id='word_1_202' title='bbox 694 3283 864 3351; x_wconf 87' lang='lat' dir='ltr'>Ovidiauae</span> <span class='ocrx_word' id='word_1_203' title='bbox 888 3284 955 3350; x_wconf 90' lang='lat' dir='ltr'>Nili</span> <span class='ocrx_word' id='word_1_204' title='bbox 990 3285 1131 3350; x_wconf 84' lang='lat' dir='ltr'>fluminis</span> <span class='ocrx_word' id='word_1_205' title='bbox 1154 3285 1325 3368; x_wconf 88' lang='lat' dir='ltr'>imaginem</span> <span class='ocrx_word' id='word_1_206' title='bbox 1353 3282 1538 3357; x_wconf 88' lang='lat' dir='ltr'>continenti,</span> 
     </span>
     <span class='ocr_line' id='line_1_28' title="bbox 355 3388 1539 3470; baseline -0.002 -18"><span class='ocrx_word' id='word_1_207' title='bbox 355 3406 451 3470; x_wconf 89' lang='lat' dir='ltr'>quam</span> <span class='ocrx_word' id='word_1_208' title='bbox 474 3409 491 3453; x_wconf 89' lang='grc'>1</span> <span class='ocrx_word' id='word_1_209' title='bbox 507 3389 716 3470; x_wconf 92' lang='lat' dir='ltr'>complurium</span> <span class='ocrx_word' id='word_1_210' title='bbox 732 3389 870 3454; x_wconf 89' lang='lat' dir='ltr'>Lucretii</span> <span class='ocrx_word' id='word_1_211' title='bbox 893 3389 1032 3454; x_wconf 93' lang='lat' dir='ltr'>locorum</span> <span class='ocrx_word' id='word_1_212' title='bbox 1055 3388 1233 3455; x_wconf 88' lang='lat' dir='ltr'>imitatione</span> <span class='ocrx_word' id='word_1_213' title='bbox 1248 3388 1454 3470; x_wconf 88' lang='lat' dir='ltr'>compositam</span> <span class='ocrx_word' id='word_1_214' title='bbox 1471 3405 1539 3451; x_wconf 89' lang='lat' dir='ltr'>esse</span> 
     </span>
     <span class='ocr_line' id='line_1_29' title="bbox 355 3491 1538 3575; baseline -0.001 -20"><span class='ocrx_word' id='word_1_215' title='bbox 355 3491 447 3555; x_wconf 93' lang='lat' dir='ltr'>modo</span> <span class='ocrx_word' id='word_1_216' title='bbox 460 3494 756 3575; x_wconf 86' lang='lat' dir='ltr'>demonstravimus,</span> <span class='ocrx_word' id='word_1_217' title='bbox 773 3494 836 3558; x_wconf 89' lang='lat' dir='ltr'>iam</span> <span class='ocrx_word' id='word_1_218' title='bbox 847 3493 1087 3558; x_wconf 90' lang='lat' dir='ltr'>similitudinem</span> <span class='ocrx_word' id='word_1_219' title='bbox 1100 3512 1117 3557; x_wconf 89' lang='grc'>1</span> <span class='ocrx_word' id='word_1_220' title='bbox 1131 3492 1229 3556; x_wconf 89' lang='lat' dir='ltr'>fontis</span> <span class='ocrx_word' id='word_1_221' title='bbox 1243 3492 1356 3558; x_wconf 89' lang='lat' dir='ltr'>natura</span> <span class='ocrx_word' id='word_1_222' title='bbox 1370 3491 1538 3572; x_wconf 88' lang='lat' dir='ltr'>adponam,</span> 
     </span>
     <span class='ocr_line' id='line_1_30' title="bbox 355 3595 1537 3680; baseline -0.002 -20"><span class='ocrx_word' id='word_1_223' title='bbox 355 3613 434 3677; x_wconf 90' lang='lat' dir='ltr'>quae</span> <span class='ocrx_word' id='word_1_224' title='bbox 456 3595 536 3659; x_wconf 92' lang='lat' dir='ltr'>mihi</span> <span class='ocrx_word' id='word_1_225' title='bbox 550 3596 676 3678; x_wconf 88' lang='lat' dir='ltr'>quidem</span> <span class='ocrx_word' id='word_1_226' title='bbox 692 3615 826 3680; x_wconf 85' lang='lat' dir='ltr'>maguae</span> <span class='ocrx_word' id='word_1_227' title='bbox 850 3596 1002 3661; x_wconf 88' lang='lat' dir='ltr'>utilitatis</span> <span class='ocrx_word' id='word_1_228' title='bbox 1025 3615 1092 3662; x_wconf 89' lang='lat' dir='ltr'>esse</span> <span class='ocrx_word' id='word_1_229' title='bbox 1116 3597 1239 3661; x_wconf 86' lang='lat' dir='ltr'>videtur</span> <span class='ocrx_word' id='word_1_230' title='bbox 1262 3599 1301 3660; x_wconf 89' lang='lat' dir='ltr'>ad</span> <span class='ocrx_word' id='word_1_231' title='bbox 1324 3613 1393 3660; x_wconf 88' lang='lat' dir='ltr'>eam</span> <span class='ocrx_word' id='word_1_232' title='bbox 1417 3598 1537 3677; x_wconf 89' lang='lat' dir='ltr'>partem</span> 
     </span>
     <span class='ocr_line' id='line_1_31' title="bbox 355 3697 1540 3782; baseline -0.001 -20"><span class='ocrx_word' id='word_1_233' title='bbox 355 3698 430 3764; x_wconf 94' lang='lat' dir='ltr'>libri</span> <span class='ocrx_word' id='word_1_234' title='bbox 442 3699 488 3764; x_wconf 91' lang='lat' dir='ltr'>VI</span> <span class='ocrx_word' id='word_1_235' title='bbox 503 3699 679 3766; x_wconf 88' lang='lat' dir='ltr'>Lucretiani</span> <span class='ocrx_word' id='word_1_236' title='bbox 692 3701 948 3782; x_wconf 88' lang='lat' dir='ltr'>cognoscendam,</span> <span class='ocrx_word' id='word_1_237' title='bbox 963 3718 1041 3782; x_wconf 89' lang='lat' dir='ltr'>quae</span> <span class='ocrx_word' id='word_1_238' title='bbox 1054 3702 1230 3782; x_wconf 90' lang='lat' dir='ltr'>temporum</span> <span class='ocrx_word' id='word_1_239' title='bbox 1241 3697 1408 3782; x_wconf 88' lang='lat' dir='ltr'>iniquitate</span> <span class='ocrx_word' id='word_1_240' title='bbox 1421 3697 1540 3762; x_wconf 86' lang='lat' dir='ltr'>amissa</span> 
     </span>
     <span class='ocr_line' id='line_1_32' title="bbox 355 3788 1539 3886; baseline 0 -20"><span class='ocrx_word' id='word_1_241' title='bbox 355 3806 410 3870; x_wconf 89' lang='lat' dir='ltr'>est.</span> <span class='ocrx_word' id='word_1_242' title='bbox 442 3821 503 3885; x_wconf 88' lang='lat' dir='ltr'>qua</span> <span class='ocrx_word' id='word_1_243' title='bbox 526 3803 700 3886; x_wconf 88' lang='lat' dir='ltr'>dorequo</span> <span class='ocrx_word' id='word_1_244' title='bbox 723 3802 846 3869; x_wconf 89' lang='lat' dir='ltr'>facilius</span> <span class='ocrx_word' id='word_1_245' title='bbox 870 3788 969 3885; x_wconf 91' lang='lat' dir='ltr'>possit</span> <span class='ocrx_word' id='word_1_246' title='bbox 1003 3801 1171 3885; x_wconf 90' lang='lat' dir='ltr'>disputari,</span> <span class='ocrx_word' id='word_1_247' title='bbox 1204 3803 1298 3885; x_wconf 87' lang='lat' dir='ltr'>paulo</span> <span class='ocrx_word' id='word_1_248' title='bbox 1322 3800 1418 3868; x_wconf 90' lang='lat' dir='ltr'>altius</span> <span class='ocrx_word' id='word_1_249' title='bbox 1451 3819 1539 3884; x_wconf 86' lang='lat' dir='ltr'>repe·</span> 
     </span>
     <span class='ocr_line' id='line_1_33' title="bbox 355 3906 640 3971; baseline 0 -1"><span class='ocrx_word' id='word_1_250' title='bbox 355 3906 483 3971; x_wconf 89' lang='lat' dir='ltr'>tendum</span> <span class='ocrx_word' id='word_1_251' title='bbox 507 3906 640 3971; x_wconf 86' lang='lat' dir='ltr'>videtur.</span> 
     </span>
    </p>

    <p class='ocr_par' dir='ltr' id='par_1_8' title="bbox 355 4007 1538 4610">
     <span class='ocr_line' id='line_1_34' title="bbox 359 4007 1538 4092; baseline -0.003 -18"><span class='ocrx_word' id='word_1_252' title='bbox 359 4065 363 4074; x_wconf 91' lang='grc'><em>,</em></span> <span class='ocrx_word' id='word_1_253' title='bbox 458 4010 546 4074; x_wconf 91' lang='lat' dir='ltr'>Inter</span> <span class='ocrx_word' id='word_1_254' title='bbox 563 4010 710 4092; x_wconf 88' lang='lat' dir='ltr'>plurima,</span> <span class='ocrx_word' id='word_1_255' title='bbox 734 4028 811 4092; x_wconf 88' lang='lat' dir='ltr'>quae</span> <span class='ocrx_word' id='word_1_256' title='bbox 833 4011 1053 4076; x_wconf 88' lang='lat' dir='ltr'>Lachmanuus</span> <span class='ocrx_word' id='word_1_257' title='bbox 1081 4009 1114 4073; x_wconf 95' lang='lat' dir='ltr'>iu</span> <span class='ocrx_word' id='word_1_258' title='bbox 1144 4007 1378 4074; x_wconf 86' lang='lat' dir='ltr'>commentariis</span> <span class='ocrx_word' id='word_1_259' title='bbox 1407 4007 1446 4073; x_wconf 90' lang='lat' dir='ltr'>ad</span> <span class='ocrx_word' id='word_1_260' title='bbox 1474 4007 1538 4071; x_wconf 88' lang='lat' dir='ltr'>Lu·</span> 
     </span>
     <span class='ocr_line' id='line_1_35' title="bbox 356 4109 1536 4197; baseline -0.005 -19"><span class='ocrx_word' id='word_1_261' title='bbox 356 4114 487 4178; x_wconf 86' lang='lat' dir='ltr'>aretium</span> <span class='ocrx_word' id='word_1_262' title='bbox 512 4115 635 4197; x_wconf 88' lang='lat' dir='ltr'>egregie</span> <span class='ocrx_word' id='word_1_263' title='bbox 658 4113 842 4196; x_wconf 87' lang='lat' dir='ltr'>disputavit,</span> <span class='ocrx_word' id='word_1_264' title='bbox 866 4113 1022 4197; x_wconf 91' lang='lat' dir='ltr'>insignem</span> <span class='ocrx_word' id='word_1_265' title='bbox 1044 4114 1147 4178; x_wconf 92' lang='lat' dir='ltr'>locum</span> <span class='ocrx_word' id='word_1_266' title='bbox 1172 4112 1316 4178; x_wconf 88' lang='lat' dir='ltr'>obtinent</span> <span class='ocrx_word' id='word_1_267' title='bbox 1348 4130 1394 4192; x_wconf 88' lang='lat' dir='ltr'>ea,</span> <span class='ocrx_word' id='word_1_268' title='bbox 1425 4109 1536 4194; x_wconf 90' lang='lat' dir='ltr'>quibus</span> 
     </span>
     <span class='ocr_line' id='line_1_36' title="bbox 356 4213 1536 4283; baseline -0.003 -3"><span class='ocrx_word' id='word_1_269' title='bbox 356 4217 583 4282; x_wconf 87' lang='lat' dir='ltr'>demonstravit</span> <span class='ocrx_word' id='word_1_270' title='bbox 605 4216 688 4282; x_wconf 90' lang='lat' dir='ltr'>iuter</span> <span class='ocrx_word' id='word_1_271' title='bbox 711 4235 836 4282; x_wconf 87' lang='lat' dir='ltr'>versum</span> <span class='ocrx_word' id='word_1_272' title='bbox 860 4217 922 4282; x_wconf 86' lang='lat'>839</span> <span class='ocrx_word' id='word_1_273' title='bbox 945 4218 977 4282; x_wconf 90' lang='lat' dir='ltr'>et</span> <span class='ocrx_word' id='word_1_274' title='bbox 999 4216 1063 4282; x_wconf 87' lang='grc'>840</span> <span class='ocrx_word' id='word_1_275' title='bbox 1096 4215 1169 4283; x_wconf 93' lang='lat' dir='ltr'>libri</span> <span class='ocrx_word' id='word_1_276' title='bbox 1194 4216 1238 4281; x_wconf 90' lang='lat' dir='ltr'>VI</span> <span class='ocrx_word' id='word_1_277' title='bbox 1262 4235 1279 4280; x_wconf 91' lang='grc'>1</span> <span class='ocrx_word' id='word_1_278' title='bbox 1301 4216 1407 4280; x_wconf 89' lang='lat' dir='ltr'>codice</span> <span class='ocrx_word' id='word_1_279' title='bbox 1429 4213 1536 4280; x_wconf 87' lang='lat' dir='ltr'>arahe-</span> 
     </span>
     <span class='ocr_line' id='line_1_37' title="bbox 356 4316 1537 4404; baseline -0.003 -20"><span class='ocrx_word' id='word_1_280' title='bbox 356 4325 429 4404; x_wconf 88' lang='lat' dir='ltr'>typo</span> <span class='ocrx_word' id='word_1_281' title='bbox 452 4320 601 4385; x_wconf 88' lang='lat' dir='ltr'>schedam</span> <span class='ocrx_word' id='word_1_282' title='bbox 623 4319 784 4385; x_wconf 83' lang='lat' dir='ltr'>excidisse.</span> <span class='ocrx_word' id='word_1_283' title='bbox 815 4321 874 4386; x_wconf 89' lang='lat' dir='ltr'>hoc</span> <span class='ocrx_word' id='word_1_284' title='bbox 896 4320 980 4386; x_wconf 90' lang='lat' dir='ltr'>enim</span> <span class='ocrx_word' id='word_1_285' title='bbox 1002 4319 1075 4387; x_wconf 93' lang='lat' dir='ltr'>libri</span> <span class='ocrx_word' id='word_1_286' title='bbox 1098 4319 1166 4386; x_wconf 93' lang='lat' dir='ltr'>loco</span> <span class='ocrx_word' id='word_1_287' title='bbox 1190 4338 1236 4396; x_wconf 89' lang='lat' dir='ltr'>ea,</span> <span class='ocrx_word' id='word_1_288' title='bbox 1268 4337 1345 4403; x_wconf 85' lang='lat' dir='ltr'>quae</span> <span class='ocrx_word' id='word_1_289' title='bbox 1368 4318 1439 4401; x_wconf 91' lang='lat' dir='ltr'>post</span> <span class='ocrx_word' id='word_1_290' title='bbox 1470 4316 1537 4381; x_wconf 86' lang='lat' dir='ltr'>Nili</span> 
     </span>
     <span class='ocr_line' id='line_1_38' title="bbox 355 4421 1535 4506; baseline -0.003 -18"><span class='ocrx_word' id='word_1_291' title='bbox 355 4423 594 4506; x_wconf 89' lang='lat' dir='ltr'>descriptionem</span> <span class='ocrx_word' id='word_1_292' title='bbox 617 4425 654 4488; x_wconf 89' lang='lat' dir='ltr'>de</span> <span class='ocrx_word' id='word_1_293' title='bbox 677 4423 808 4488; x_wconf 89' lang='lat' dir='ltr'>lacubus</span> <span class='ocrx_word' id='word_1_294' title='bbox 831 4425 964 4490; x_wconf 80' lang='lat' dir='ltr'>Auernis</span> <span class='ocrx_word' id='word_1_295' title='bbox 986 4426 1190 4505; x_wconf 81' lang='lat' dir='ltr'>exponuntur,</span> <span class='ocrx_word' id='word_1_296' title='bbox 1214 4423 1325 4488; x_wconf 88' lang='lat' dir='ltr'>statim</span> <span class='ocrx_word' id='word_1_297' title='bbox 1341 4421 1535 4504; x_wconf 87' lang='lat' dir='ltr'>excipiuntur·</span> 
     </span>
     <span class='ocr_line' id='line_1_39' title="bbox 355 4524 1536 4610; baseline -0.002 -20"><span class='ocrx_word' id='word_1_298' title='bbox 355 4527 567 4610; x_wconf 88' lang='lat' dir='ltr'>disputatione</span> <span class='ocrx_word' id='word_1_299' title='bbox 596 4527 633 4591; x_wconf 89' lang='lat' dir='ltr'>de</span> <span class='ocrx_word' id='word_1_300' title='bbox 663 4526 804 4592; x_wconf 87' lang='lat' dir='ltr'>fontibus</span> <span class='ocrx_word' id='word_1_301' title='bbox 833 4527 888 4605; x_wconf 88' lang='lat' dir='ltr'>ita,</span> <span class='ocrx_word' id='word_1_302' title='bbox 923 4530 960 4591; x_wconf 90' lang='lat' dir='ltr'>ut</span> <span class='ocrx_word' id='word_1_303' title='bbox 989 4527 1079 4592; x_wconf 85' lang='lat' dir='ltr'>facile</span> <span class='ocrx_word' id='word_1_304' title='bbox 1106 4527 1271 4610; x_wconf 88' lang='lat' dir='ltr'>intellegas</span> <span class='ocrx_word' id='word_1_305' title='bbox 1293 4525 1349 4591; x_wconf 89' lang='lat' dir='ltr'>has</span> <span class='ocrx_word' id='word_1_306' title='bbox 1372 4527 1476 4609; x_wconf 88' lang='lat' dir='ltr'>partes</span> <span class='ocrx_word' id='word_1_307' title='bbox 1497 4524 1536 4588; x_wconf 84' lang='lat' dir='ltr'>ab</span> 
     </span>
    </p>
   </div>
   <div class='ocr_carea' id='block_1_5' title="bbox 0 0 1688 5125">
    <p class='ocr_par' dir='ltr' id='par_1_9' title="bbox 0 0 1688 5125">
     <span class='ocr_line' id='line_1_40' title="bbox 0 0 1688 5125; baseline 0 0"><span class='ocrx_word' id='word_1_308' title='bbox 0 0 1688 5125; x_wconf 95' lang='lat' dir='ltr'> </span> 
     </span>
    </p>
   </div>
  </div>
 </body>
</html>
