3370 5134
835 518 1073 584 -136-

365 707 405 772 ab
427 706 619 791 imaginibus
656 727 692 772 er
715 708 905 774 animalibus
940 709 1050 792 petitis
1084 711 1185 791 primo
1219 710 1285 776 loco
1309 707 1552 774 similitudinem

365 829 525 876 recensere
548 810 628 875 mihi
650 810 681 876 in
707 812 814 877 animo
837 817 896 890 est,
919 831 1008 894 quae,
1028 813 1102 877 lieet
1118 831 1155 878 ea
1169 812 1355 881 brevissima
1370 813 1421 889 sit,
1445 816 1553 877 tamen

364 916 448 979 certo
470 916 511 981 ad
533 915 667 998 Vergilii
691 916 866 1000 exemplum
890 915 1048 998 quoddam
1069 917 1171 998 potest
1193 918 1342 983 revocari.
1366 917 1450 982 inter
1472 915 1551 982 alias

365 1018 451 1082 enim
465 1017 701 1097 similitudines,
728 1019 841 1101 quibus
858 1019 990 1085 Ovidius
1005 1037 1157 1104 magnum
1179 1039 1345 1086 numerum
1367 1018 1552 1104 illustravit,

364 1139 435 1186 eam
457 1139 577 1204 quoque
600 1122 747 1205 reperies,
783 1141 862 1206 quae
885 1122 924 1187 ab
954 1122 1066 1189 avibus
1089 1122 1274 1207 deprompta
1296 1129 1353 1189 est.
1387 1123 1435 1189 sic
1457 1122 1551 1206 poeta

363 1224 405 1289 A.
427 1224 468 1289 A.
492 1224 509 1288 Ι
531 1225 575 1290 55
597 1244 642 1308 sq.
665 1245 831 1291 numerum
854 1227 1040 1310 puellamm,
1064 1244 1142 1308 quaa
1165 1226 1282 1292 Romae
1305 1229 1394 1305 sunt,
1425 1228 1552 1309 praeter

364 1327 443 1392 alias
464 1327 617 1414 imagines
649 1328 761 1396 avibus
795 1348 916 1413 quoqne
949 1329 1140 1408 illustravit,
1175 1347 1253 1411 quae
1282 1331 1379 1395 ramis
1403 1329 1551 1395 arborum

363 1431 577 1498 occultantur:

568 1556 607 1606 tot
625 1551 677 1606 tibi
695 1557 806 1622 tamquo
823 1551 900 1607 dabit
917 1551 1073 1619 formonsae
1091 1551 1181 1606 Romo
1195 1551 1315 1620 puellas,

621 1642 687 1706 quot
710 1677 717 1692 .
745 1675 753 1691 .
780 1637 908 1704 ‚fronde
925 1643 1061 1707 teporatur
1079 1651 1151 1692 coos.

364 1763 524 1843 praeterea
547 1759 587 1824 cs.
611 1759 707 1826 Trist.
731 1759 759 1824 V
784 1761 813 1839 2,
837 1760 889 1840 26,
913 1779 948 1824 ex
966 1761 1002 1825 P.
1025 1759 1060 1824 II
1082 1759 1113 1837 Ἰ,
1136 1755 1188 1837 rt,
1222 1758 1278 1823 ubi
1301 1758 1410 1824 eadem
1443 1757 1549 1843 imago

364 1881 491 1929 numero
505 1862 694 1929 illustrando
709 1861 851 1946 inservit,
868 1881 929 1946 qno
945 1861 1137 1942 ostendatur,
1152 1864 1230 1944 quot
1244 1861 1337 1927 malis
1353 1860 1550 1945 miseriisque

366 1965 502 2034 afflictus
525 1966 568 2030 sit
591 1970 685 2049 posta
705 1965 738 2032 in
762 1967 864 2032 exilio.

466 2087 562 2154 (luins
584 2089 730 2173 imaginis
754 2108 847 2154 usum
871 2088 999 2154 Ovidius
1021 2086 1101 2152 mihi
1130 2087 1256 2169 petiisse
1285 2086 1410 2151 videtur
1433 2105 1449 2151 e
1476 2085 1550 2151 Ver·

364 2191 433 2273 gilii
456 2189 567 2274 Georg.
591 2190 637 2256 IV
659 2192 724 2256 473
747 2210 804 2274 sq,
829 2208 889 2274 quo
911 2191 977 2256 loco
1000 2190 1057 2256 ille
1072 2189 1256 2255 umbrarum
1274 2208 1451 2266 numerum,
1475 2209 1549 2273 quae
1668 2235 1669 2250 .

366 2291 482 2377 Orphei
504 2299 599 2360 cantu
622 2295 733 2359 ductae
757 2293 941 2359 confluxisse
964 2292 1122 2374 dicuntur,
1146 2295 1191 2358 sic
1213 2293 1404 2358 illustravit:

568 2447 649 2500 quom
667 2431 754 2485 modto
770 2431 803 2485 im
819 2430 896 2497 soliis
915 2431 1007 2485 orium
1025 2445 1054 2483 se
1071 2430 1150 2484 milio
1168 2428 1300 2493 comdant,

567 2532 664 2585 oospsr
681 2517 730 2571 mbc‘
748 2522 799 2570 aot
816 2516 948 2571 biborrms
965 2517 1025 2585 opit
1044 2516 1078 2570 ds
1095 2515 1232 2569 momtr'bos
1250 2514 1344 2568 imber.

466 2641 597 2707 Praeter
620 2642 688 2720 has,
722 2661 799 2725 quas
822 2643 913 2708 modo
936 2641 1143 2707 tractavimus
1177 2639 1344 2724 imagines,
1378 2638 1468 2705 nulla
1490 2639 1549 2706 alia
1669 2693 1670 2738 ἶ

364 2746 517 2829 reperitur
539 2745 717 2812 similitudo
739 2743 894 2813 Ovidiana
927 2746 1067 2811 eiusdem
1088 2743 1226 2828 gonaris,
1263 2743 1352 2808 cuius
1374 2744 1496 2810 sontem
1518 2743 1549 2809 in

364 2847 498 2932 Vergilii
520 2850 589 2916 loco
613 2851 748 2932 quodam
769 2851 872 2916 inesse
906 2847 1053 2915 contendi
1086 2847 1196 2930 possit.
1231 2852 1341 2913 contra
1374 2846 1549 2931 complures

364 2951 514 3034 imagines
537 2972 554 3015 e
576 2952 661 3017 tauri
684 2956 797 3017 natura
812 2952 1014 3035 depromptas
1029 2951 1186 3017 Nasonem
1209 2951 1277 3015 tam
1293 2950 1461 3016 manifesto
1477 2950 1550 3016 Ver·

365 3055 436 3140 gilii
458 3055 594 3137 produnt
616 3055 819 3134 imitatorem,
842 3057 879 3120 nt
902 3056 941 3120 de
964 3074 1072 3121 aarum
1088 3054 1206 3140 origine
1222 3054 1411 3146 neminima
1425 3054 1550 3137 quidem

364 3159 408 3223 sit
430 3157 596 3225 dubitatio.

468 3280 516 3345 Ac
537 3281 674 3365 primum
698 3279 823 3365 quidem
845 3280 971 3364 utrique
998 3282 1108 3364 poetae
1138 3281 1222 3346 tauri
1244 3282 1420 3364 pugnantes
1444 3283 1550 3362 aptam

365 3383 577 3468 praebuerunt
600 3383 748 3468 effigiem,
772 3403 833 3469 qna
855 3384 1017 3469 pugnandi
1040 3387 1193 3452 rationem
1208 3384 1242 3449 in
1258 3381 1430 3449 certamine
1446 3384 1551 3464 singu·

365 3487 427 3554 lari
448 3486 658 3554 illustrarent.
681 3490 727 3553 sic
751 3489 835 3573 apud
858 3486 1006 3554 Ovidium
1029 3487 1109 3554 Met.
1132 3488 1181 3554 IX
1202 3486 1245 3552 42
1267 3505 1335 3571 sqq.
1358 3484 1398 3551 ab
1415 3484 1549 3550 Acheloo

362 3609 470 3676 pugna
491 3592 590 3676 ipsius
614 3611 686 3657 cum
708 3591 847 3657 Hercule
872 3593 954 3657 hunc
976 3591 1009 3656 in
1033 3593 1162 3656 modum
1183 3589 1390 3657 describitur:

569 3712 741 3782 digredimur
755 3712 873 3780 paulum
890 3727 990 3766 rursus
1008 3711 1046 3766 od
1063 3711 1134 3766 bella
1151 3710 1262 3775 coimus,

569 3781 656 3868 s'rrqmr'
670 3798 762 3869 produ
779 3799 912 3863 stetimus,
930 3798 1000 3853 corti
1017 3813 1076 3851 mom
1093 3797 1205 3862 oedem
1224 3800 1338 3863 oratque

568 3884 717 3952 compede
730 3900 782 3953 pos
799 3884 920 3949 inmotos,
939 3889 1048 3954 totoque
1066 3899 1115 3953 eqo
1128 3889 1241 3951 pretore
1255 3895 1365 3950 promus

569 3975 595 4024 st
612 3969 712 4040 dipitos
730 3969 824 4041 stipitis
842 3976 868 4025 et
884 3969 1005 4037 frontem
1021 3969 1114 4036 frome
1131 3968 1293 4038 promebam.

570 4069 630 4110 moos
647 4056 730 4110 alitor
748 4056 808 4112 ridi
823 4058 911 4124 fortes
929 4072 1095 4111 concurrere
1113 4061 1218 4121 tauros,

569 4157 631 4197 com
647 4142 770 4210 pretium
782 4159 899 4213 proprios
916 4148 973 4197 toto
992 4141 1160 4196 nitidissimo
1176 4142 1252 4195 saltn

570 4228 712 4296 expetitor
729 4229 866 4282 comtomc:
883 4233 1007 4296 sportam
1024 4231 1153 4281 armento
1166 4229 1325 4296 pavensque

570 4313 671 4378 moia,
689 4328 768 4381 quom
786 4319 897 4367 momeot
914 4315 989 4367 tomto'
1006 4312 1122 4367 victorio
1140 4311 1228 4381 ropm‘.

363 4435 475 4500 eadem
490 4433 666 4518 descriptio,
690 4453 751 4517 qua
765 4436 849 4501 tauri
866 4436 1042 4518 pugnantes
1058 4433 1254 4509 exhibentur,
1279 4450 1334 4515 per
1352 4431 1549 4498 collationem

363 4556 431 4604 sese
453 4537 544 4603 odert
566 4536 639 4602 Am.
662 4537 696 4601 ΙΙ
723 4538 773 4620 12,
808 4537 850 4604 25
883 4555 942 4620 sq,
976 4555 1068 4619 quem
1092 4537 1205 4616 locum,
1239 4556 1279 4602 ne
1312 4535 1383 4618 quis
1418 4533 1551 4600 fortasse
