3366 5132
628 532 944 596 -oo-·

556 757 562 766 .
593 758 598 768 .
626 758 632 769 .
657 723 682 771 et
701 718 764 771 item
783 735 845 771 curu
863 718 972 772 lubrico
989 734 1103 786 serpeus

345 806 420 858 exuit
438 805 468 858 iu
484 805 573 872 spiuis
591 809 702 858 uestem:
720 820 784 856 uum
803 819 883 871 saepe
901 803 1024 858 videricus

344 891 454 944 illorum
471 891 567 958 spoliis
585 905 678 958 uepres
696 891 875 944 volitantibus
893 895 998 944 auctos.

136 997 193 1061 hus
218 998 258 1061 ad
282 996 503 1078 descriptiones
538 998 603 1060 sine
627 995 720 1060 dubio
744 1013 811 1059 sese
835 993 1010 1076 composuit
1040 993 1215 1078 Vergilius,
1252 1016 1324 1063 cum

136 1103 216 1166 Aen.
240 1099 344 1164 11471
372 1119 437 1182 sqq.
462 1099 619 1183 Pyrrhum
642 1101 712 1164 telis
736 1103 767 1164 et
790 1101 859 1164 luce
883 1117 1044 1164 coruscum
1068 1106 1145 1164 abra
1169 1101 1226 1165 hac
1249 1101 1324 1167 illu·

86 1247 90 1255 -
137 1208 219 1268 stret
243 1203 465 1269 similitudine:

345 1326 438 1392 qualis
456 1326 503 1379 ubi
521 1326 552 1379 iu
570 1326 655 1380 luceru
673 1325 782 1379 colrrber
800 1325 874 1378 urulu
891 1325 1021 1395 crumina
1035 1331 1140 1393 postus,

342 1409 449 1480 frigido
467 1411 516 1464 sub
536 1417 612 1465 terro
630 1409 766 1464 tumidum
784 1419 861 1479 quern
881 1411 979 1464 bruruu
996 1412 1108 1480 tegebat,

343 1513 420 1551 uuuc
433 1498 533 1565 positis
551 1513 638 1550 uouos
656 1497 762 1550 exuviis
780 1497 940 1564 nitidusque
958 1497 1072 1551 iuuenta

343 1583 449 1636 lubrico
467 1583 601 1636 couuoluii
618 1583 727 1636 subluto
746 1588 856 1650 pectore
875 1587 961 1652 terga,

342 1667 443 1724 arduos
461 1668 499 1722 uei
517 1669 606 1735 solem,
626 1673 652 1722 et
670 1669 774 1738 linguis
791 1670 875 1754 uricot
893 1685 940 1722 ore
957 1670 1087 1726 trisulcis.

133 1794 288 1858 quocum
311 1776 379 1839 loco
403 1775 570 1840 conferatis
594 1773 705 1858 Georg.
729 1773 864 1839 111437
888 1792 972 1856 sqq.:

342 1910 403 1948 curu
417 1895 516 1962 positis
534 1909 617 1948 uouos
635 1894 743 1948 exuuiis
762 1894 922 1963 nitidusque
940 1895 1053 1950 iuuenta

341 1982 459 2036 uoluitur
477 1986 527 2035 out
546 1981 650 2034 catulos
667 1982 744 2035 tectis
762 1987 813 2035 uut
831 1997 882 2035 oco
900 1982 1061 2051 relinqueris

342 2068 449 2124 arduus
467 2067 505 2120 uri
523 2067 611 2131 soloni,
631 2073 657 2120 et
676 2068 781 2136 linquis
800 2069 882 2122 micat
900 2083 946 2121 ore
964 2069 1091 2124 trisulcis¹

130 2175 273 2255 itemque
296 2174 357 2240 huc
379 2173 558 2238 referendus
582 2174 629 2238 esi
652 2171 775 2238 Tibulli
797 2174 883 2239 locus
906 2173 922 2236 I
944 2175 975 2253 4,
1000 2176 1042 2242 35
1058 2194 1115 2258 sq„
1135 2196 1195 2259 quc
1213 2181 1321 2246 eadem

132 2277 290 2342 sententie
314 2279 507 2342 continetur:

340 2397 463 2452 crudeles
482 2396 557 2450 diui!
575 2412 688 2465 serpeus
705 2412 793 2452 uouus
811 2399 889 2451 exuit
906 2415 1007 2453 uuuos:

391 2484 497 2550 formae
514 2499 572 2537 uou
589 2482 675 2537 ullane
691 2483 754 2549 futu
773 2481 871 2537 dedere
890 2500 1003 2540 urorum.

131 2587 266 2671 denique
290 2591 371 2670 opud
388 2587 535 2654 Ovidium
558 2588 634 2652 Met.
653 2588 698 2652 IX
714 2587 776 2651 267
800 2606 845 2670 sq.
863 2589 1024 2670 Hercules
1048 2592 1213 2672 postquem
1230 2591 1321 2657 flam·

131 2692 194 2756 mis
218 2693 346 2756 ernustus
370 2702 417 2756 esc
452 2694 545 2772 etqrre
578 2689 721 2755 membru
755 2692 849 2754 morti
884 2691 1016 2756 obnoxiu
1040 2691 1201 2775 deposuit,
1232 2699 1321 2778 parte

131 2795 182 2858 sni
206 2795 326 2877 potiore
348 2795 437 2881 viget
459 2797 491 2858 et
514 2794 613 2876 coepit
647 2792 744 2859 videri
768 2794 866 2859 meior
895 2796 928 2860 eb
957 2793 1025 2858 fieri
1056 2797 1203 2862 colendus
1227 2817 1321 2864 vene·

132 2898 231 2962 raudo
254 2899 427 2982 gravitate:

339 3023 423 3086 utque
440 3033 528 3072 uouus
545 3033 655 3085 serpeus
669 3019 764 3086 positu
782 3035 843 3073 cunr
858 3020 930 3087 pelle
948 3025 1059 3075 reuecta

339 3105 486 3159 luxuriare
504 3105 572 3177 solet
589 3119 756 3172 squamaque
775 3107 865 3160 reicere
883 3108 997 3160 receuti.

132 3229 193 3293 qua
214 3211 253 3275 in·
272 3229 305 3276 re
330 3209 476 3276 Ovidium
502 3210 635 3294 Vergilii
658 3212 689 3276 et
704 3212 824 3277 Tibulli
847 3215 930 3278 locos
946 3215 1096 3279 memorie
1112 3232 1167 3280 suc
1184 3214 1321 3280 tenuisse

134 3316 164 3380 ct
185 3334 240 3398 per
263 3333 296 3380 se
319 3313 467 3380 credibile
491 3315 537 3378 esi
560 3317 591 3378 et
614 3315 686 3380 inde
710 3313 860 3393 ecficitur,
883 3317 965 3398 quod
989 3334 1061 3381 cum
1076 3315 1207 3382 Marone
1223 3319 1321 3399 parti-

134 3419 251 3500 cipium
274 3411 416 3501 ‘positus‘
439 3435 602 3482 commune
625 3419 738 3500 habet,
763 3438 799 3484 er
822 3419 880 3484 hcc
908 3422 1015 3485 autem
1045 3418 1153 3485 ‘novus
1183 3413 1321 3505 serpens'

133 3523 286 3604 occepisse
308 3524 464 3606 putandus
487 3525 543 3588 esi.
582 3541 618 3587 ec
640 3524 724 3587 recte
748 3523 885 3588 Kornius
914 3522 947 3586 in
971 3522 1107 3588 editione
1130 3542 1187 3588 suu
1210 3522 1320 3607 reiecit

134 3626 307 3692 Burmanni
329 3627 540 3692 coniecturam
562 3621 683 3691 ‘virere'
705 3644 760 3708 pro
783 3618 901 3691 ‘nitere'
935 3625 1031 3692 scribi
1061 3625 1212 3704 iubentis,
1242 3645 1320 3709 quc-

134 3731 216 3794 niem
232 3730 290 3796 hoc
306 3730 430 3813 quidem
447 3729 579 3796 verbum
594 3733 729 3813 perbene
745 3749 914 3814 congruere
930 3749 1000 3796 cnm
1017 3731 1148 3812 Vergilii
1165 3728 1317 3796 adiectivo

135 3822 272 3898 ‘nitidus'
297 3852 474 3898 remonon
499 3834 594 3899 videt.
708 3833 710 3838 ’

238 3955 296 4022 Sed
320 3959 353 4021 in
376 3957 443 4022 loco
467 3957 654 4020 Lucretiano
678 3956 820 4020 animum
850 3973 963 4038 quaeso
997 3974 1120 4022 mecum
1155 3954 1319 4019 convertes

136 4060 171 4123 ed
193 4078 319 4124 versum
343 4061 506 4142 quendam,
542 4077 635 4141 quem
659 4077 765 4124 omnes
789 4059 923 4124 editores
959 4060 1143 4126 recentiores
1173 4059 1317 4124 unanimi

137 4179 287 4228 consensu
311 4165 484 4228 eiciendum
509 4181 574 4227 esse
597 4167 792 4229 censuerunt.
816 4163 848 4227 in
874 4163 990 4229 Aldine
1013 4165 1113 4246 priore
1142 4162 1228 4227 enim
1250 4165 1319 4245 post

137 4283 184 4330 vv.
207 4266 270 4331 612
293 4285 376 4350 sqq.:

439 4389 552 4456 quodsi
571 4389 727 4442 iuurortulis
745 4393 841 4442 uestro
858 4389 931 4455 foret
949 4404 1031 4453 meus,

338 4490 395 4527 uou
412 4479 470 4528 turn
488 4491 516 4529 se
535 4476 656 4529 moriens
674 4474 785 4530 dissolvi
804 4481 1024 4543 seuquereretur,

336 4560 383 4615 sed
402 4563 486 4632 inagis
504 4563 545 4617 ire
562 4563 640 4629 foros
660 4567 808 4630 vestemque
827 4563 989 4631 relinquere,
1008 4567 1040 4616 ui
1058 4561 1163 4630 unguis,

1198 4651 1214 4698 5
