3366 5132
642 457 856 524 ..55-

256 643 387 708 Praeter
420 643 512 708 illum
548 648 655 710 autem
678 644 783 710 Ovidii
818 647 923 711 losum
946 665 1041 729 supra
1063 652 1341 714 commemoratum

150 746 224 827 apte
241 763 368 828 quoque
390 746 442 812 hie
465 749 727 831 comparabuntur
751 750 823 814 Am.
849 749 899 812 111
925 751 973 826 10,
998 751 1016 814 7
1040 769 1122 834 sqq.:

360 873 425 922 ante
443 885 493 923 nec
509 869 610 922 hirsuti
628 867 770 922 torrebant
787 869 871 935 farra
889 871 989 930 coloni,

413 971 463 1009 nec
480 962 574 1009 notam
593 956 677 1009 terris
696 971 762 1008 area
781 971 881 1009 nonien
899 962 974 1010 erat:

357 1040 405 1094 sed
420 1041 548 1111 plandern
566 1057 691 1110 qnercns,
710 1042 823 1096 crocala
837 1044 939 1111 prima,
957 1043 1098 1110 serebant:

411 1127 476 1182 boec
495 1134 555 1182 erat
573 1133 598 1182 et
616 1129 706 1182 terreri
724 1129 852 1197 caespitis
869 1131 953 1184 barba
971 1131 1046 1184 cibas

151 1233 183 1294 et
206 1229 296 1295 Fast.
321 1232 365 1296 IV
389 1233 452 1298 395
475 1252 558 1315 sqq.:

359 1335 452 1388 messis
471 1341 533 1388 erat
547 1335 651 1402 prinis
669 1334 770 1390 uirides
788 1337 951 1390 mortalibus
968 1337 1075 1402 barbae,

411 1436 480 1488 qnos
498 1421 580 1474 telins
597 1421 676 1474 nollo
693 1421 861 1476 sollicitante
880 1421 973 1476 dabat.

358 1515 385 1562 et
402 1507 481 1562 nodo
500 1508 653 1575 carpebant
671 1509 760 1563 uiuaci
779 1509 898 1576 caespite
915 1525 1038 1579 promen,

409 1611 485 1649 rinno
503 1597 603 1664 epnlac
621 1601 716 1650 tenera
733 1595 836 1661 fronde
853 1611 985 1650 cacnrnen
1003 1602 1092 1651 erant.

353 1681 498 1749 postmodo
513 1682 595 1751 plane
613 1688 681 1736 nata
699 1687 746 1735 est.
765 1683 832 1736 bene
851 1687 912 1736 erat
931 1684 988 1736 iant
1005 1681 1106 1753 alands
1125 1688 1244 1750 reperto,

411 1768 538 1838 claraque
556 1771 717 1838 mapnificos
736 1785 851 1838 querceis
867 1769 982 1824 babebat
1000 1769 1088 1838 opes'

150 1870 266 1953 quibus
289 1873 367 1938 locis
390 1875 507 1956 singuli
530 1875 646 1940 colores
678 1874 845 1939 manifesto
876 1874 915 1940 ad
945 1875 1084 1939 Lucretii
1115 1873 1339 1956 descriptiones

150 1977 295 2044 redeunt.
312 1976 393 2061 quod
410 1982 516 2042 autem
533 1977 581 2044 his
592 1978 823 2044 imitationibus
836 1979 950 2061 aliquis
962 1980 1082 2044 obicere
1095 1981 1194 2061 possit
1207 1977 1338 2060 glandes

152 2085 184 2143 et
207 2082 320 2146 arbuta
342 2080 424 2163 apud
448 2081 622 2165 complures
646 2081 846 2164 antiquitatis
868 2084 977 2166 gentes
1000 2100 1055 2164 pro
1086 2082 1154 2147 cibo
1188 2083 1340 2163 usurpata

151 2203 216 2250 esse
240 2185 318 2251 alios
342 2202 462 2268 quoque
491 2187 632 2250 auctores
668 2187 777 2251 testari
811 2186 912 2250 vetuti
934 2185 1098 2251 Platonem
1121 2187 1197 2269 Rep.
1221 2187 1251 2250 Π
1274 2185 1338 2249 372

151 2292 180 2352 et
204 2287 452 2371 Aristophanem
485 2290 557 2355 Pac.
586 2290 667 2355 1137
691 2309 768 2372 sqq,
804 2291 956 2373 equibus
990 2291 1072 2355 hane
1106 2309 1172 2354 rem
1199 2291 1337 2372 recipere

150 2392 288 2472 potuerit
310 2390 451 2470 Ovidius,
475 2393 508 2458 id
532 2393 611 2457 mihi
641 2411 701 2458 non
724 2394 862 2459 multum
886 2394 991 2458 valere
1015 2393 1139 2458 videtur
1163 2395 1334 2475 propterea,

150 2496 231 2576 quod
257 2515 273 2560 e
295 2497 425 2579 reliquis
459 2495 691 2563 imitationibus
726 2499 765 2562 ad
799 2501 930 2564 eundem
964 2497 1082 2562 librum
1111 2498 1333 2562 Lucretianum

149 2599 352 2665 redeuntibus
376 2603 550 2666 necessario
573 2601 714 2684 sequitur
729 2602 806 2666 haec
822 2621 951 2685 quoqne,
971 2621 1049 2684 quae
1066 2604 1098 2666 in
1122 2598 1231 2664 eodem
1254 2599 1336 2666 libro

149 2702 338 2768 Lucretiano
362 2703 521 2788 leguntur,
546 2725 582 2770 ex
605 2706 712 2771 eodem
734 2706 820 2770 fonte
843 2706 1029 2772 manavisse.

253 2807 363 2890 Itaque
385 2828 424 2873 ne
447 2827 483 2874 ea
506 2808 633 2891 quidem
650 2809 788 2875 conterre
806 2809 926 2890 dubito,
950 2828 1028 2892 quae
1044 2809 1084 2874 ab
1099 2809 1232 2890 utroque
1246 2811 1339 2891 poeta

149 2910 184 2974 de
210 2909 370 2976 institutis
392 2915 485 2994 atque
508 2914 633 2997 legibus
656 2915 820 2980 hominum
843 2914 1049 2998 pristinorum
1072 2911 1252 2982 traduntur.
1276 2909 1336 2975 etsi

149 3011 207 3078 hac
228 3013 263 3076 in
286 3032 318 3078 re
353 3015 437 3081 haud
472 3017 617 3100 exiguum
653 3017 818 3083 intercedit
853 3018 1020 3084 discrimen
1054 3018 1136 3082 inter
1169 3018 1336 3096 utramque

148 3118 350 3185 sententiam.
374 3119 540 3186 Lueretius
564 3124 648 3187 enim
671 3121 750 3186 hanc
771 3140 840 3186 rem
863 3139 958 3204 quam
980 3121 1163 3202 brevissime
1186 3116 1337 3186 describit

149 3237 198 3285 rr.
222 3220 286 3286 958
311 3239 395 3304 sqq.:

353 3357 404 3396 nec
421 3357 562 3396 concnam
580 3343 680 3397 bonan
694 3341 827 3412 poterant
845 3350 977 3413 spectare,
996 3359 1083 3412 neque
1100 3342 1165 3396 allis

352 3429 472 3482 naribos
490 3430 565 3484 inter
582 3445 611 3484 se
628 3430 734 3484 scibant
753 3447 803 3484 nec
821 3431 922 3500 lapibus
939 3432 990 3487 nti.

353 3517 425 3584 qnod
445 3518 543 3586 cniqne
561 3518 695 3573 oblaterat
711 3517 835 3586 praedae
852 3519 981 3584 fortuna,
999 3517 1107 3584 ferebat

354 3608 451 3669 sponte
468 3619 521 3657 sna
538 3605 591 3658 sibi
608 3605 721 3672 qac'sqne
740 3605 830 3660 calere
849 3611 874 3658 et
892 3605 982 3660 nivere
1001 3603 1106 3658 doctas.

147 3708 227 3788 apud
254 3704 403 3772 Ovidium
428 3713 535 3773 autem
558 3709 635 3774 Met.
659 3709 739 3774 189
763 3729 830 3792 sqq.
854 3709 932 3776 haee
954 3708 1118 3791 teguntur:

353 3844 441 3882 annea
455 3829 551 3896 prima
567 3835 633 3884 sata
650 3836 690 3885 cst
710 3837 795 3896 actas,
812 3846 883 3899 qnae
902 3829 1012 3883 vindice
1030 3829 1117 3891 neella,

351 3920 447 3982 sponte
464 3931 525 3982 sna,
544 3917 605 3970 sinc
623 3917 677 3985 leqe
692 3915 775 3980 fidem
792 3922 950 3984 rectamque
969 3916 1079 3970 colebat.

350 4016 444 4068 poena
462 4008 601 4072 metasque
618 4004 745 4069 aberant,
765 4019 815 4058 nec
833 4003 916 4058 cerba
933 4004 1052 4057 minacia
1070 4001 1127 4068 aaa

358 4104 421 4142 aere
439 4089 608 4158 tepebantnr,
626 4105 677 4144 nec
694 4090 814 4158 snpplea
832 4089 916 4144 larba
934 4089 1045 4142 timebat

354 4172 456 4228 indicis
474 4189 524 4228 ora
542 4175 594 4240 eni,
612 4174 660 4228 aed
679 4181 758 4228 crant
777 4177 838 4228 sine
856 4174 965 4229 uindice
983 4174 1044 4228 tati.

147 4277 320 4343 sententiae
343 4279 548 4346 Lucretianae
571 4299 641 4347 cum
665 4280 822 4350 ovidiana
848 4283 880 4347 iu
903 4283 1081 4347 universum
1105 4297 1269 4346 commune
1291 4280 1338 4346 est

147 4379 212 4459 hoe,
238 4380 322 4463 quod
346 4383 515 4466 utrubique
539 4381 676 4449 traditur
691 4383 846 4466 pristinos
862 4384 1003 4450 homines
1019 4381 1199 4467 republica,
1216 4383 1338 4467 legibus

149 4481 281 4565 aliisque
305 4483 461 4550 institutis
485 4487 630 4552 caruisse.
657 4486 711 4551 sed
734 4506 808 4552 cum
829 4489 884 4555 ille
906 4489 1023 4570 primos
1046 4487 1188 4552 homines
1211 4505 1340 4569 rapaces
