<?xml version="1.0" encoding="UTF-8"?>
<!DOCTYPE html PUBLIC "-//W3C//DTD XHTML 1.0 Transitional//EN"
    "http://www.w3.org/TR/xhtml1/DTD/xhtml1-transitional.dtd">
<html xmlns="http://www.w3.org/1999/xhtml" xml:lang="en" lang="en">
 <head>
  <title>
</title>
<meta http-equiv="Content-Type" content="text/html;charset=utf-8" />
  <meta name='ocr-system' content='tesseract 3.04.00' />
  <meta name='ocr-capabilities' content='ocr_page ocr_carea ocr_par ocr_line ocrx_word'/>
</head>
<body>
  <div class='ocr_page' id='page_1' title='image "./desimilitudinib00washgoog_0172.png"; bbox 0 0 3370 5134; ppageno 0'>
   <div class='ocr_carea' id='block_1_1' title="bbox 623 553 855 618">
    <p class='ocr_par' dir='ltr' id='par_1_1' title="bbox 623 553 855 618">
     <span class='ocr_line' id='line_1_1' title="bbox 623 553 855 618; baseline 0.004 -1"><span class='ocrx_word' id='word_1_1' title='bbox 623 553 855 618; x_wconf 85' lang='lat'>-159-</span> 
     </span>
    </p>
   </div>
   <div class='ocr_carea' id='block_1_2' title="bbox 146 738 1335 1584">
    <p class='ocr_par' dir='ltr' id='par_1_2' title="bbox 146 738 1335 1584">
     <span class='ocr_line' id='line_1_2' title="bbox 350 738 990 810; baseline -0.003 -16"><span class='ocrx_word' id='word_1_2' title='bbox 350 743 432 810; x_wconf 75' lang='lat' dir='ltr'><strong>pocla</strong></span> <span class='ocrx_word' id='word_1_3' title='bbox 450 742 603 795; x_wconf 83' lang='lat' dir='ltr'><strong>coloratam</strong></span> <span class='ocrx_word' id='word_1_4' title='bbox 623 739 736 794; x_wconf 75' lang='lat' dir='ltr'><em>Tithoni</em></span> <span class='ocrx_word' id='word_1_5' title='bbox 753 738 868 809; x_wconf 73' lang='lat' dir='ltr'><strong>coniuge</strong></span> <span class='ocrx_word' id='word_1_6' title='bbox 885 739 990 794; x_wconf 83' lang='lat' dir='ltr'><strong>coelom</strong></span> 
     </span>
     <span class='ocr_line' id='line_1_3' title="bbox 404 825 1025 894; baseline -0.002 -13"><span class='ocrx_word' id='word_1_7' title='bbox 404 828 545 892; x_wconf 73' lang='lat' dir='ltr'><strong><em>subrubet,</em></strong></span> <span class='ocrx_word' id='word_1_8' title='bbox 565 831 615 879; x_wconf 81' lang='lat' dir='ltr'><strong>out</strong></span> <span class='ocrx_word' id='word_1_9' title='bbox 633 841 734 894; x_wconf 80' lang='lat' dir='ltr'><strong>sponso</strong></span> <span class='ocrx_word' id='word_1_10' title='bbox 751 826 812 879; x_wconf 84' lang='lat' dir='ltr'><strong>uiso</strong></span> <span class='ocrx_word' id='word_1_11' title='bbox 826 825 923 894; x_wconf 77' lang='lat' dir='ltr'><strong>puello</strong></span> <span class='ocrx_word' id='word_1_12' title='bbox 941 841 1025 880; x_wconf 81' lang='lat' dir='ltr'><strong>noco:</strong></span> 
     </span>
     <span class='ocr_line' id='line_1_4' title="bbox 352 911 1025 984; baseline -0.004 -15"><span class='ocrx_word' id='word_1_13' title='bbox 352 914 433 984; x_wconf 73' lang='lat' dir='ltr'><strong>paolo</strong></span> <span class='ocrx_word' id='word_1_14' title='bbox 451 929 530 968; x_wconf 82' lang='lat' dir='ltr'><strong>rosae</strong></span> <span class='ocrx_word' id='word_1_15' title='bbox 548 911 657 982; x_wconf 74' lang='lat' dir='ltr'><strong>folperti</strong></span> <span class='ocrx_word' id='word_1_16' title='bbox 675 913 747 965; x_wconf 84' lang='lat' dir='ltr'><strong>inter</strong></span> <span class='ocrx_word' id='word_1_17' title='bbox 764 928 817 966; x_wconf 83' lang='lat' dir='ltr'><strong>sco</strong></span> <span class='ocrx_word' id='word_1_18' title='bbox 836 912 896 966; x_wconf 79' lang='lat' dir='ltr'><strong>lelio</strong></span> <span class='ocrx_word' id='word_1_19' title='bbox 914 913 1025 975; x_wconf 76' lang='lat' dir='ltr'><strong>oristeo,</strong></span> 
     </span>
     <span class='ocr_line' id='line_1_5' title="bbox 404 997 989 1068; baseline -0.005 -13"><span class='ocrx_word' id='word_1_20' title='bbox 404 1007 455 1055; x_wconf 81' lang='lat' dir='ltr'><strong>oroi</strong></span> <span class='ocrx_word' id='word_1_21' title='bbox 473 1000 522 1054; x_wconf 82' lang='lat' dir='ltr'><strong>obi</strong></span> <span class='ocrx_word' id='word_1_22' title='bbox 539 1002 659 1054; x_wconf 80' lang='lat' dir='ltr'><strong>enotatis</strong></span> <span class='ocrx_word' id='word_1_23' title='bbox 678 997 763 1052; x_wconf 76' lang='lat' dir='ltr'><strong>nona</strong></span> <span class='ocrx_word' id='word_1_24' title='bbox 781 998 888 1052; x_wconf 82' lang='lat' dir='ltr'><strong>loborat</strong></span> <span class='ocrx_word' id='word_1_25' title='bbox 907 999 989 1068; x_wconf 74' lang='lat' dir='ltr'><strong>eoois,</strong></span> 
     </span>
     <span class='ocr_line' id='line_1_6' title="bbox 352 1083 1093 1156; baseline 0 -16"><span class='ocrx_word' id='word_1_26' title='bbox 352 1091 402 1141; x_wconf 82' lang='lat' dir='ltr'><strong>cat</strong></span> <span class='ocrx_word' id='word_1_27' title='bbox 419 1087 501 1156; x_wconf 77' lang='lat' dir='ltr'><strong>qood,</strong></span> <span class='ocrx_word' id='word_1_28' title='bbox 520 1102 556 1139; x_wconf 81' lang='lat' dir='ltr'><strong>oe</strong></span> <span class='ocrx_word' id='word_1_29' title='bbox 574 1086 664 1155; x_wconf 71' lang='lat' dir='ltr'><strong>longis</strong></span> <span class='ocrx_word' id='word_1_30' title='bbox 681 1083 826 1152; x_wconf 72' lang='lat' dir='ltr'><strong>flooesoem</strong></span> <span class='ocrx_word' id='word_1_31' title='bbox 840 1085 929 1155; x_wconf 80' lang='lat' dir='ltr'><strong>possit</strong></span> <span class='ocrx_word' id='word_1_32' title='bbox 947 1087 981 1139; x_wconf 88' lang='lat' dir='ltr'><strong>ab</strong></span> <span class='ocrx_word' id='word_1_33' title='bbox 999 1087 1093 1150; x_wconf 76' lang='grc'><strong>333313,</strong></span> 
     </span>
     <span class='ocr_line' id='line_1_7' title="bbox 404 1172 1015 1242; baseline -0.002 -16"><span class='ocrx_word' id='word_1_34' title='bbox 404 1173 533 1227; x_wconf 83' lang='lat' dir='ltr'><strong>Maeonis</strong></span> <span class='ocrx_word' id='word_1_35' title='bbox 550 1172 697 1242; x_wconf 76' lang='lat' dir='ltr'><strong>Assyrium</strong></span> <span class='ocrx_word' id='word_1_36' title='bbox 714 1172 819 1239; x_wconf 73' lang='lat' dir='ltr'><strong>femineo</strong></span> <span class='ocrx_word' id='word_1_37' title='bbox 837 1173 923 1227; x_wconf 77' lang='lat' dir='ltr'><strong>tinxit</strong></span> <span class='ocrx_word' id='word_1_38' title='bbox 941 1173 1015 1227; x_wconf 80' lang='lat' dir='ltr'><strong>ebor.</strong></span> 
     </span>
     <span class='ocr_line' id='line_1_8' title="bbox 147 1293 1333 1378; baseline 0.002 -20"><span class='ocrx_word' id='word_1_39' title='bbox 147 1314 206 1377; x_wconf 88' lang='lat' dir='ltr'><strong>quo</strong></span> <span class='ocrx_word' id='word_1_40' title='bbox 229 1294 297 1361; x_wconf 92' lang='lat' dir='ltr'><strong>loco</strong></span> <span class='ocrx_word' id='word_1_41' title='bbox 321 1294 355 1359; x_wconf 94' lang='lat' dir='ltr'><strong>in</strong></span> <span class='ocrx_word' id='word_1_42' title='bbox 379 1293 491 1377; x_wconf 91' lang='lat' dir='ltr'><strong>primis</strong></span> <span class='ocrx_word' id='word_1_43' title='bbox 526 1297 662 1360; x_wconf 90' lang='lat' dir='ltr'><strong>notanda</strong></span> <span class='ocrx_word' id='word_1_44' title='bbox 694 1299 742 1359; x_wconf 89' lang='lat' dir='ltr'><strong>cst</strong></span> <span class='ocrx_word' id='word_1_45' title='bbox 765 1312 872 1358; x_wconf 85' lang='lat' dir='ltr'><strong>versus</strong></span> <span class='ocrx_word' id='word_1_46' title='bbox 895 1294 937 1358; x_wconf 87' lang='lat'><strong>36</strong></span> <span class='ocrx_word' id='word_1_47' title='bbox 961 1313 1033 1359; x_wconf 90' lang='lat' dir='ltr'><strong>cum</strong></span> <span class='ocrx_word' id='word_1_48' title='bbox 1068 1296 1122 1374; x_wconf 88' lang='grc'><strong>313,</strong></span> <span class='ocrx_word' id='word_1_49' title='bbox 1146 1314 1224 1378; x_wconf 89' lang='lat' dir='ltr'><strong>quae</strong></span> <span class='ocrx_word' id='word_1_50' title='bbox 1248 1296 1333 1378; x_wconf 91' lang='lat' dir='ltr'><strong>apud</strong></span> 
     </span>
     <span class='ocr_line' id='line_1_9' title="bbox 146 1395 1335 1486; baseline -0.002 -22"><span class='ocrx_word' id='word_1_51' title='bbox 146 1399 342 1482; x_wconf 82' lang='lat' dir='ltr'><strong>Lygdamum</strong></span> <span class='ocrx_word' id='word_1_52' title='bbox 365 1397 463 1475; x_wconf 82' lang='lat'>1114,</span> <span class='ocrx_word' id='word_1_53' title='bbox 479 1397 520 1463; x_wconf 89' lang='grc'><strong>31</strong></span> <span class='ocrx_word' id='word_1_54' title='bbox 538 1397 698 1486; x_wconf 85' lang='lat' dir='ltr'><strong>leguntur,</strong></span> <span class='ocrx_word' id='word_1_55' title='bbox 714 1397 897 1462; x_wconf 78' lang='lat' dir='ltr'><strong>similitudo.</strong></span> <span class='ocrx_word' id='word_1_56' title='bbox 922 1402 1060 1462; x_wconf 91' lang='lat' dir='ltr'><strong>ceterum</strong></span> <span class='ocrx_word' id='word_1_57' title='bbox 1078 1395 1238 1475; x_wconf 81' lang='lat' dir='ltr'><strong>Ovidium,</strong></span> <span class='ocrx_word' id='word_1_58' title='bbox 1263 1417 1335 1463; x_wconf 93' lang='lat' dir='ltr'><strong>cum</strong></span> 
     </span>
     <span class='ocr_line' id='line_1_10' title="bbox 146 1499 1334 1584; baseline 0.002 -18"><span class='ocrx_word' id='word_1_59' title='bbox 146 1502 221 1566; x_wconf 85' lang='lat' dir='ltr'><strong>Met.</strong></span> <span class='ocrx_word' id='word_1_60' title='bbox 246 1499 294 1566; x_wconf 81' lang='lat' dir='ltr'><strong>IV</strong></span> <span class='ocrx_word' id='word_1_61' title='bbox 316 1500 381 1566; x_wconf 86' lang='lat'><strong>330</strong></span> <span class='ocrx_word' id='word_1_62' title='bbox 403 1519 472 1584; x_wconf 88' lang='lat' dir='ltr'><strong>sqq.</strong></span> <span class='ocrx_word' id='word_1_63' title='bbox 495 1500 695 1584; x_wconf 88' lang='lat' dir='ltr'><strong>conscripsit,</strong></span> <span class='ocrx_word' id='word_1_64' title='bbox 726 1500 808 1565; x_wconf 90' lang='lat' dir='ltr'><strong>huno</strong></span> <span class='ocrx_word' id='word_1_65' title='bbox 830 1502 934 1565; x_wconf 90' lang='lat' dir='ltr'><strong>locum</strong></span> <span class='ocrx_word' id='word_1_66' title='bbox 957 1502 1030 1566; x_wconf 89' lang='lat' dir='ltr'><strong>aute</strong></span> <span class='ocrx_word' id='word_1_67' title='bbox 1052 1501 1158 1567; x_wconf 88' lang='lat' dir='ltr'><strong>oculos</strong></span> <span class='ocrx_word' id='word_1_68' title='bbox 1187 1501 1334 1569; x_wconf 87' lang='lat' dir='ltr'><strong>babuisse</strong></span> 
     </span>
    </p>
   </div>
   <div class='ocr_carea' id='block_1_3' title="bbox 147 1603 467 1686">
    <p class='ocr_par' dir='ltr' id='par_1_3' title="bbox 147 1603 467 1686">
     <span class='ocr_line' id='line_1_11' title="bbox 147 1603 467 1686; baseline 0.009 -19"><span class='ocrx_word' id='word_1_69' title='bbox 147 1603 237 1670; x_wconf 87' lang='lat' dir='ltr'><strong>facile</strong></span> <span class='ocrx_word' id='word_1_70' title='bbox 261 1605 467 1686; x_wconf 90' lang='lat' dir='ltr'><strong>intellegitur.</strong></span> 
     </span>
    </p>
   </div>
   <div class='ocr_carea' id='block_1_4' title="bbox 144 1723 1334 2223">
    <p class='ocr_par' dir='ltr' id='par_1_4' title="bbox 144 1723 1334 2223">
     <span class='ocr_line' id='line_1_12' title="bbox 246 1723 1334 1810; baseline 0.003 -21"><span class='ocrx_word' id='word_1_71' title='bbox 246 1723 297 1790; x_wconf 89' lang='lat' dir='ltr'><strong>Ne</strong></span> <span class='ocrx_word' id='word_1_72' title='bbox 320 1730 426 1792; x_wconf 90' lang='lat' dir='ltr'><strong>autem</strong></span> <span class='ocrx_word' id='word_1_73' title='bbox 450 1726 557 1791; x_wconf 89' lang='lat' dir='ltr'><strong>fructu</strong></span> <span class='ocrx_word' id='word_1_74' title='bbox 580 1744 636 1790; x_wconf 90' lang='lat' dir='ltr'><strong>suo</strong></span> <span class='ocrx_word' id='word_1_75' title='bbox 659 1729 762 1790; x_wconf 90' lang='lat' dir='ltr'><strong>careat</strong></span> <span class='ocrx_word' id='word_1_76' title='bbox 786 1724 862 1789; x_wconf 90' lang='lat' dir='ltr'><strong>haec</strong></span> <span class='ocrx_word' id='word_1_77' title='bbox 884 1724 1060 1810; x_wconf 86' lang='lat' dir='ltr'><strong>disputatio</strong></span> <span class='ocrx_word' id='word_1_78' title='bbox 1085 1725 1123 1790; x_wconf 87' lang='lat' dir='ltr'><strong>de</strong></span> <span class='ocrx_word' id='word_1_79' title='bbox 1139 1724 1334 1810; x_wconf 89' lang='lat' dir='ltr'><strong>imaginibus</strong></span> 
     </span>
     <span class='ocr_line' id='line_1_13' title="bbox 145 1827 1334 1912; baseline 0.002 -19"><span class='ocrx_word' id='word_1_80' title='bbox 145 1847 161 1893; x_wconf 89' lang='lat' dir='ltr'><strong>e</strong></span> <span class='ocrx_word' id='word_1_81' title='bbox 182 1827 285 1912; x_wconf 90' lang='lat' dir='ltr'><strong>pomis</strong></span> <span class='ocrx_word' id='word_1_82' title='bbox 308 1828 427 1912; x_wconf 85' lang='lat' dir='ltr'><strong>petitis,</strong></span> <span class='ocrx_word' id='word_1_83' title='bbox 450 1830 515 1894; x_wconf 90' lang='lat' dir='ltr'><strong>iam</strong></span> <span class='ocrx_word' id='word_1_84' title='bbox 531 1832 569 1894; x_wconf 88' lang='lat' dir='ltr'><strong>de</strong></span> <span class='ocrx_word' id='word_1_85' title='bbox 585 1830 719 1912; x_wconf 88' lang='lat' dir='ltr'><strong>quodam</strong></span> <span class='ocrx_word' id='word_1_86' title='bbox 734 1827 893 1912; x_wconf 77' lang='lat' dir='ltr'><strong>Cydippae</strong></span> <span class='ocrx_word' id='word_1_87' title='bbox 908 1827 1061 1910; x_wconf 74' lang='lat' dir='ltr'><strong>epistulae</strong></span> <span class='ocrx_word' id='word_1_88' title='bbox 1076 1830 1143 1895; x_wconf 92' lang='lat' dir='ltr'><strong>lccc</strong></span> <span class='ocrx_word' id='word_1_89' title='bbox 1158 1830 1334 1895; x_wconf 76' lang='lat' dir='ltr'><strong>accuratius</strong></span> 
     </span>
     <span class='ocr_line' id='line_1_14' title="bbox 144 1931 1333 2016; baseline 0.002 -20"><span class='ocrx_word' id='word_1_90' title='bbox 144 1933 301 2016; x_wconf 91' lang='lat' dir='ltr'><strong>agendum</strong></span> <span class='ocrx_word' id='word_1_91' title='bbox 324 1933 394 1998; x_wconf 89' lang='lat' dir='ltr'><strong>erit.</strong></span> <span class='ocrx_word' id='word_1_92' title='bbox 418 1951 490 1999; x_wconf 89' lang='lat' dir='ltr'><strong>cum</strong></span> <span class='ocrx_word' id='word_1_93' title='bbox 514 1933 599 1999; x_wconf 92' lang='lat' dir='ltr'><strong>enim</strong></span> <span class='ocrx_word' id='word_1_94' title='bbox 614 1931 746 1998; x_wconf 85' lang='lat' dir='ltr'><strong>Ovidius</strong></span> <span class='ocrx_word' id='word_1_95' title='bbox 769 1932 817 1998; x_wconf 90' lang='lat' dir='ltr'><strong>bis</strong></span> <span class='ocrx_word' id='word_1_96' title='bbox 840 1933 983 1999; x_wconf 87' lang='lat' dir='ltr'><strong>omnibus</strong></span> <span class='ocrx_word' id='word_1_97' title='bbox 1009 1933 1086 1998; x_wconf 90' lang='lat' dir='ltr'><strong>locis</strong></span> <span class='ocrx_word' id='word_1_98' title='bbox 1110 1950 1206 2016; x_wconf 89' lang='lat' dir='ltr'><strong>supra</strong></span> <span class='ocrx_word' id='word_1_99' title='bbox 1227 1933 1333 1999; x_wconf 85' lang='lat' dir='ltr'><strong>allatis</strong></span> 
     </span>
     <span class='ocr_line' id='line_1_15' title="bbox 144 2035 1332 2122; baseline 0.003 -23"><span class='ocrx_word' id='word_1_100' title='bbox 144 2036 319 2120; x_wconf 85' lang='lat' dir='ltr'><strong>imaginem</strong></span> <span class='ocrx_word' id='word_1_101' title='bbox 341 2057 357 2102; x_wconf 92' lang='lat' dir='ltr'><strong>e</strong></span> <span class='ocrx_word' id='word_1_102' title='bbox 380 2037 481 2121; x_wconf 88' lang='lat' dir='ltr'><strong>pomis</strong></span> <span class='ocrx_word' id='word_1_103' title='bbox 504 2036 638 2122; x_wconf 86' lang='lat' dir='ltr'><strong>petitam</strong></span> <span class='ocrx_word' id='word_1_104' title='bbox 662 2038 701 2101; x_wconf 92' lang='lat' dir='ltr'><strong>ad</strong></span> <span class='ocrx_word' id='word_1_105' title='bbox 723 2035 868 2101; x_wconf 87' lang='lat' dir='ltr'><strong>ruborem</strong></span> <span class='ocrx_word' id='word_1_106' title='bbox 891 2035 1121 2120; x_wconf 88' lang='lat' dir='ltr'><strong>designandum</strong></span> <span class='ocrx_word' id='word_1_107' title='bbox 1139 2035 1332 2115; x_wconf 86' lang='lat' dir='ltr'><strong>adhibuerit,</strong></span> 
     </span>
     <span class='ocr_line' id='line_1_16' title="bbox 144 2137 1270 2223; baseline 0.001 -19"><span class='ocrx_word' id='word_1_108' title='bbox 144 2157 247 2204; x_wconf 88' lang='lat' dir='ltr'><strong>nonne</strong></span> <span class='ocrx_word' id='word_1_109' title='bbox 271 2158 395 2223; x_wconf 84' lang='lat' dir='ltr'><strong>quaeso,</strong></span> <span class='ocrx_word' id='word_1_110' title='bbox 420 2139 448 2205; x_wconf 88' lang='lat' dir='ltr'><strong>si</strong></span> <span class='ocrx_word' id='word_1_111' title='bbox 471 2141 563 2223; x_wconf 89' lang='lat' dir='ltr'><strong>epist.</strong></span> <span class='ocrx_word' id='word_1_112' title='bbox 585 2139 646 2206; x_wconf 88' lang='lat' dir='ltr'><strong>XX</strong></span> <span class='ocrx_word' id='word_1_113' title='bbox 669 2139 733 2204; x_wconf 82' lang='lat'><strong>215</strong></span> <span class='ocrx_word' id='word_1_114' title='bbox 756 2158 802 2222; x_wconf 89' lang='lat' dir='ltr'><strong>sq.</strong></span> <span class='ocrx_word' id='word_1_115' title='bbox 827 2137 964 2222; x_wconf 81' lang='lat' dir='ltr'><strong>Cydippe</strong></span> <span class='ocrx_word' id='word_1_116' title='bbox 987 2140 1120 2205; x_wconf 84' lang='lat' dir='ltr'><strong>Acontio</strong></span> <span class='ocrx_word' id='word_1_117' title='bbox 1143 2139 1270 2206; x_wconf 82' lang='lat' dir='ltr'><strong>scribit:</strong></span> 
     </span>
    </p>
   </div>
   <div class='ocr_carea' id='block_1_5' title="bbox 144 2277 1333 2673">
    <p class='ocr_par' dir='ltr' id='par_1_5' title="bbox 144 2277 1333 2673">
     <span class='ocr_line' id='line_1_17' title="bbox 351 2277 1153 2348; baseline 0 -16"><span class='ocrx_word' id='word_1_118' title='bbox 351 2277 519 2332; x_wconf 70' lang='lat' dir='ltr'><strong>caecidimus</strong></span> <span class='ocrx_word' id='word_1_119' title='bbox 537 2278 639 2332; x_wconf 80' lang='lat' dir='ltr'><strong>macie:</strong></span> <span class='ocrx_word' id='word_1_120' title='bbox 657 2278 731 2332; x_wconf 87' lang='lat' dir='ltr'><strong>color</strong></span> <span class='ocrx_word' id='word_1_121' title='bbox 748 2281 787 2332; x_wconf 82' lang='lat' dir='ltr'><strong>eei</strong></span> <span class='ocrx_word' id='word_1_122' title='bbox 805 2277 865 2332; x_wconf 67' lang='grc'><strong>3333</strong></span> <span class='ocrx_word' id='word_1_123' title='bbox 883 2277 1028 2348; x_wconf 74' lang='lat' dir='ltr'><strong>conpetere,</strong></span> <span class='ocrx_word' id='word_1_124' title='bbox 1046 2280 1153 2348; x_wconf 77' lang='lat' dir='ltr'><strong>quolam</strong></span> 
     </span>
     <span class='ocr_line' id='line_1_18' title="bbox 402 2363 926 2432; baseline 0 -14"><span class='ocrx_word' id='word_1_125' title='bbox 402 2365 435 2418; x_wconf 79' lang='lat' dir='ltr'><strong>a&#39;oe</strong></span> <span class='ocrx_word' id='word_1_126' title='bbox 448 2379 531 2432; x_wconf 81' lang='lat' dir='ltr'><strong>pomo</strong></span> <span class='ocrx_word' id='word_1_127' title='bbox 547 2364 640 2430; x_wconf 79' lang='lat' dir='ltr'><strong>refero</strong></span> <span class='ocrx_word' id='word_1_128' title='bbox 657 2369 746 2418; x_wconf 79' lang='lat' dir='ltr'><strong>mente</strong></span> <span class='ocrx_word' id='word_1_129' title='bbox 763 2363 851 2429; x_wconf 79' lang='lat' dir='ltr'><strong>fuisse</strong></span> <span class='ocrx_word' id='word_1_130' title='bbox 868 2368 926 2431; x_wconf 79' lang='lat' dir='ltr'><strong>too,</strong></span> 
     </span>
     <span class='ocr_line' id='line_1_19' title="bbox 144 2484 1333 2571; baseline 0.003 -23"><span class='ocrx_word' id='word_1_131' title='bbox 144 2485 222 2551; x_wconf 91' lang='lat' dir='ltr'><strong>haec</strong></span> <span class='ocrx_word' id='word_1_132' title='bbox 245 2485 422 2551; x_wconf 86' lang='lat' dir='ltr'><strong>similitudo</strong></span> <span class='ocrx_word' id='word_1_133' title='bbox 446 2485 576 2551; x_wconf 87' lang='lat' dir='ltr'><strong>insolita</strong></span> <span class='ocrx_word' id='word_1_134' title='bbox 598 2484 657 2550; x_wconf 92' lang='lat' dir='ltr'><strong>tibi</strong></span> <span class='ocrx_word' id='word_1_135' title='bbox 681 2504 746 2550; x_wconf 88' lang='lat' dir='ltr'><strong>esse</strong></span> <span class='ocrx_word' id='word_1_136' title='bbox 770 2484 952 2552; x_wconf 85' lang='lat' dir='ltr'><strong>videbitur?</strong></span> <span class='ocrx_word' id='word_1_137' title='bbox 975 2488 1055 2568; x_wconf 87' lang='lat' dir='ltr'><strong>quod</strong></span> <span class='ocrx_word' id='word_1_138' title='bbox 1078 2487 1106 2551; x_wconf 88' lang='lat' dir='ltr'><strong>si</strong></span> <span class='ocrx_word' id='word_1_139' title='bbox 1130 2490 1161 2552; x_wconf 94' lang='lat' dir='ltr'><strong>in</strong></span> <span class='ocrx_word' id='word_1_140' title='bbox 1185 2486 1333 2571; x_wconf 82' lang='lat' dir='ltr'><strong>proximis</strong></span> 
     </span>
     <span class='ocr_line' id='line_1_20' title="bbox 144 2587 1023 2673; baseline -0.003 -19"><span class='ocrx_word' id='word_1_141' title='bbox 144 2588 285 2673; x_wconf 80' lang='lat' dir='ltr'><strong>Cydippe</strong></span> <span class='ocrx_word' id='word_1_142' title='bbox 308 2589 441 2654; x_wconf 82' lang='lat' dir='ltr'><strong>Acontio</strong></span> <span class='ocrx_word' id='word_1_143' title='bbox 465 2591 630 2654; x_wconf 90' lang='lat' dir='ltr'><strong>candorem</strong></span> <span class='ocrx_word' id='word_1_144' title='bbox 653 2587 698 2653; x_wconf 88' lang='lat' dir='ltr'><strong>sio</strong></span> <span class='ocrx_word' id='word_1_145' title='bbox 721 2589 880 2654; x_wconf 88' lang='lat' dir='ltr'><strong>illustrare</strong></span> <span class='ocrx_word' id='word_1_146' title='bbox 904 2590 1023 2672; x_wconf 84' lang='lat' dir='ltr'><strong>pergit:</strong></span> 
     </span>
    </p>
   </div>
   <div class='ocr_carea' id='block_1_6' title="bbox 353 2734 1064 3063">
    <p class='ocr_par' dir='ltr' id='par_1_6' title="bbox 353 2734 1064 3063">
     <span class='ocr_line' id='line_1_21' title="bbox 353 2734 994 2798; baseline 0 -10"><span class='ocrx_word' id='word_1_147' title='bbox 353 2734 475 2789; x_wconf 80' lang='lat' dir='ltr'><strong>candido</strong></span> <span class='ocrx_word' id='word_1_148' title='bbox 493 2750 543 2789; x_wconf 80' lang='lat' dir='ltr'><strong>nec</strong></span> <span class='ocrx_word' id='word_1_149' title='bbox 562 2735 640 2787; x_wconf 71' lang='lat' dir='ltr'><strong>misto</strong></span> <span class='ocrx_word' id='word_1_150' title='bbox 658 2734 801 2788; x_wconf 78' lang='lat' dir='ltr'><strong>sublucent</strong></span> <span class='ocrx_word' id='word_1_151' title='bbox 820 2749 868 2787; x_wconf 87' lang='lat' dir='ltr'><strong>oro</strong></span> <span class='ocrx_word' id='word_1_152' title='bbox 886 2734 994 2798; x_wconf 82' lang='lat' dir='ltr'><strong>robore,</strong></span> 
     </span>
     <span class='ocr_line' id='line_1_22' title="bbox 402 2820 987 2887; baseline 0 -13"><span class='ocrx_word' id='word_1_153' title='bbox 402 2821 493 2887; x_wconf 65' lang='lat' dir='ltr'><strong>forma</strong></span> <span class='ocrx_word' id='word_1_154' title='bbox 510 2821 574 2874; x_wconf 82' lang='lat' dir='ltr'><strong>novi</strong></span> <span class='ocrx_word' id='word_1_155' title='bbox 592 2820 658 2874; x_wconf 81' lang='lat' dir='ltr'><strong>tolie</strong></span> <span class='ocrx_word' id='word_1_156' title='bbox 675 2820 821 2874; x_wconf 83' lang='lat' dir='ltr'><strong>orormoris</strong></span> <span class='ocrx_word' id='word_1_157' title='bbox 839 2836 895 2874; x_wconf 86' lang='lat' dir='ltr'><strong>ease</strong></span> <span class='ocrx_word' id='word_1_158' title='bbox 913 2821 987 2883; x_wconf 83' lang='lat' dir='ltr'><strong>colet,</strong></span> 
     </span>
     <span class='ocr_line' id='line_1_23' title="bbox 353 2907 937 2977; baseline 0 -17"><span class='ocrx_word' id='word_1_159' title='bbox 353 2907 462 2977; x_wconf 76' lang='lat' dir='ltr'><strong>arpenti</strong></span> <span class='ocrx_word' id='word_1_160' title='bbox 479 2907 554 2961; x_wconf 82' lang='lat' dir='ltr'><strong>color</strong></span> <span class='ocrx_word' id='word_1_161' title='bbox 572 2912 611 2960; x_wconf 84' lang='lat' dir='ltr'><strong>ost</strong></span> <span class='ocrx_word' id='word_1_162' title='bbox 627 2907 704 2960; x_wconf 79' lang='lat' dir='ltr'><strong>inter</strong></span> <span class='ocrx_word' id='word_1_163' title='bbox 722 2907 846 2960; x_wconf 78' lang='lat' dir='ltr'><strong>omwioic</strong></span> <span class='ocrx_word' id='word_1_164' title='bbox 864 2907 937 2971; x_wconf 69' lang='lat' dir='ltr'><strong>tales,</strong></span> 
     </span>
     <span class='ocr_line' id='line_1_24' title="bbox 403 2991 1064 3063; baseline 0 -17"><span class='ocrx_word' id='word_1_165' title='bbox 403 2991 477 3062; x_wconf 76' lang='lat' dir='ltr'><strong>qood</strong></span> <span class='ocrx_word' id='word_1_166' title='bbox 495 2998 599 3046; x_wconf 80' lang='lat' dir='ltr'><strong>tactam</strong></span> <span class='ocrx_word' id='word_1_167' title='bbox 615 2992 722 3063; x_wconf 76' lang='lat' dir='ltr'><strong>pelidae</strong></span> <span class='ocrx_word' id='word_1_168' title='bbox 740 2991 845 3062; x_wconf 72' lang='lat' dir='ltr'><strong>frigore</strong></span> <span class='ocrx_word' id='word_1_169' title='bbox 861 2993 949 3060; x_wconf 81' lang='lat' dir='ltr'><strong>pallet</strong></span> <span class='ocrx_word' id='word_1_170' title='bbox 967 3009 1064 3061; x_wconf 76' lang='lat' dir='ltr'><strong>opace,</strong></span> 
     </span>
    </p>
   </div>
   <div class='ocr_carea' id='block_1_7' title="bbox 142 3115 1335 4654">
    <p class='ocr_par' dir='ltr' id='par_1_7' title="bbox 142 3115 1335 4654">
     <span class='ocr_line' id='line_1_25' title="bbox 142 3115 1334 3205; baseline -0.002 -16"><span class='ocrx_word' id='word_1_171' title='bbox 142 3144 181 3189; x_wconf 87' lang='lat' dir='ltr'><strong>ua</strong></span> <span class='ocrx_word' id='word_1_172' title='bbox 206 3122 281 3205; x_wconf 90' lang='lat' dir='ltr'><strong>quid</strong></span> <span class='ocrx_word' id='word_1_173' title='bbox 304 3123 407 3188; x_wconf 87' lang='lat' dir='ltr'><strong>dicam</strong></span> <span class='ocrx_word' id='word_1_174' title='bbox 432 3124 469 3188; x_wconf 89' lang='lat' dir='ltr'><strong>de</strong></span> <span class='ocrx_word' id='word_1_175' title='bbox 493 3126 636 3189; x_wconf 88' lang='lat' dir='ltr'><strong>contorta</strong></span> <span class='ocrx_word' id='word_1_176' title='bbox 670 3125 834 3190; x_wconf 89' lang='lat' dir='ltr'><strong>verborum</strong></span> <span class='ocrx_word' id='word_1_177' title='bbox 868 3122 1069 3189; x_wconf 88' lang='lat' dir='ltr'><strong>collocatione</strong></span> <span class='ocrx_word' id='word_1_178' title='bbox 1101 3115 1247 3188; x_wconf 86' lang='lat' dir='ltr'><strong>‘candida</strong></span> <span class='ocrx_word' id='word_1_179' title='bbox 1276 3141 1334 3187; x_wconf 87' lang='lat' dir='ltr'><strong>neo</strong></span> 
     </span>
     <span class='ocr_line' id='line_1_26' title="bbox 144 3214 1332 3309; baseline -0.002 -17"><span class='ocrx_word' id='word_1_180' title='bbox 144 3214 242 3292; x_wconf 84' lang='lat' dir='ltr'><strong>misto</strong></span> <span class='ocrx_word' id='word_1_181' title='bbox 266 3225 433 3292; x_wconf 87' lang='lat' dir='ltr'><strong>sublucent</strong></span> <span class='ocrx_word' id='word_1_182' title='bbox 456 3246 510 3292; x_wconf 91' lang='lat' dir='ltr'><strong>ora</strong></span> <span class='ocrx_word' id='word_1_183' title='bbox 532 3226 665 3304; x_wconf 66' lang='lat' dir='ltr'><strong>rubore,</strong></span> <span class='ocrx_word' id='word_1_184' title='bbox 690 3229 753 3291; x_wconf 89' lang='lat' dir='ltr'><strong>iam</strong></span> <span class='ocrx_word' id='word_1_185' title='bbox 776 3227 910 3292; x_wconf 90' lang='lat' dir='ltr'><strong>alteram</strong></span> <span class='ocrx_word' id='word_1_186' title='bbox 932 3227 1029 3292; x_wconf 86' lang='lat' dir='ltr'><strong>habes</strong></span> <span class='ocrx_word' id='word_1_187' title='bbox 1052 3226 1223 3309; x_wconf 84' lang='lat' dir='ltr'><strong>imaginem</strong></span> <span class='ocrx_word' id='word_1_188' title='bbox 1239 3227 1332 3308; x_wconf 88' lang='lat' dir='ltr'><strong>plane</strong></span> 
     </span>
     <span class='ocr_line' id='line_1_27' title="bbox 143 3329 1334 3414; baseline 0 -20"><span class='ocrx_word' id='word_1_189' title='bbox 143 3329 360 3412; x_wconf 85' lang='lat' dir='ltr'><strong>singularem,</strong></span> <span class='ocrx_word' id='word_1_190' title='bbox 395 3329 463 3394; x_wconf 90' lang='lat' dir='ltr'><strong>dico</strong></span> <span class='ocrx_word' id='word_1_191' title='bbox 487 3348 571 3409; x_wconf 90' lang='lat' dir='ltr'><strong>eam,</strong></span> <span class='ocrx_word' id='word_1_192' title='bbox 601 3349 679 3412; x_wconf 89' lang='lat' dir='ltr'><strong>quae</strong></span> <span class='ocrx_word' id='word_1_193' title='bbox 702 3329 868 3413; x_wconf 87' lang='lat' dir='ltr'><strong>desumpta</strong></span> <span class='ocrx_word' id='word_1_194' title='bbox 898 3329 947 3395; x_wconf 84' lang='lat' dir='ltr'><strong>est</strong></span> <span class='ocrx_word' id='word_1_195' title='bbox 969 3329 1010 3394; x_wconf 90' lang='lat' dir='ltr'><strong>ab</strong></span> <span class='ocrx_word' id='word_1_196' title='bbox 1032 3333 1163 3414; x_wconf 89' lang='lat' dir='ltr'><strong>argento</strong></span> <span class='ocrx_word' id='word_1_197' title='bbox 1185 3329 1334 3413; x_wconf 88' lang='lat' dir='ltr'><strong>pallente,</strong></span> 
     </span>
     <span class='ocr_line' id='line_1_28' title="bbox 145 3431 1335 3516; baseline -0.001 -18"><span class='ocrx_word' id='word_1_198' title='bbox 145 3434 172 3498; x_wconf 91' lang='lat' dir='ltr'><strong>si</strong></span> <span class='ocrx_word' id='word_1_199' title='bbox 198 3450 280 3516; x_wconf 87' lang='lat' dir='ltr'><strong>aqua</strong></span> <span class='ocrx_word' id='word_1_200' title='bbox 302 3431 421 3514; x_wconf 87' lang='lat' dir='ltr'><strong>frigida</strong></span> <span class='ocrx_word' id='word_1_201' title='bbox 442 3432 594 3516; x_wconf 86' lang='lat' dir='ltr'><strong>tangitur.</strong></span> <span class='ocrx_word' id='word_1_202' title='bbox 619 3436 652 3497; x_wconf 91' lang='lat' dir='ltr'><strong>et</strong></span> <span class='ocrx_word' id='word_1_203' title='bbox 674 3451 747 3498; x_wconf 91' lang='lat' dir='ltr'><strong>oum</strong></span> <span class='ocrx_word' id='word_1_204' title='bbox 769 3452 808 3496; x_wconf 91' lang='lat' dir='ltr'><strong>ne</strong></span> <span class='ocrx_word' id='word_1_205' title='bbox 830 3450 928 3496; x_wconf 91' lang='lat' dir='ltr'><strong>unam</strong></span> <span class='ocrx_word' id='word_1_206' title='bbox 944 3432 1072 3514; x_wconf 86' lang='lat' dir='ltr'><strong>quidem</strong></span> <span class='ocrx_word' id='word_1_207' title='bbox 1087 3432 1258 3516; x_wconf 86' lang='lat' dir='ltr'><strong>imaginem</strong></span> <span class='ocrx_word' id='word_1_208' title='bbox 1274 3432 1335 3497; x_wconf 88' lang='lat' dir='ltr'><strong>ali·</strong></span> 
     </span>
     <span class='ocr_line' id='line_1_29' title="bbox 143 3534 1335 3619; baseline 0.001 -19"><span class='ocrx_word' id='word_1_209' title='bbox 143 3539 269 3619; x_wconf 91' lang='lat' dir='ltr'><strong>quando</strong></span> <span class='ocrx_word' id='word_1_210' title='bbox 292 3535 416 3619; x_wconf 88' lang='lat' dir='ltr'><strong>longius</strong></span> <span class='ocrx_word' id='word_1_211' title='bbox 439 3536 606 3618; x_wconf 89' lang='lat' dir='ltr'><strong>repetitam</strong></span> <span class='ocrx_word' id='word_1_212' title='bbox 640 3535 778 3617; x_wconf 85' lang='lat' dir='ltr'><strong>proferre</strong></span> <span class='ocrx_word' id='word_1_213' title='bbox 812 3534 928 3616; x_wconf 87' lang='lat' dir='ltr'><strong>possis,</strong></span> <span class='ocrx_word' id='word_1_214' title='bbox 964 3553 1058 3617; x_wconf 88' lang='lat' dir='ltr'><strong>quam</strong></span> <span class='ocrx_word' id='word_1_215' title='bbox 1088 3535 1185 3600; x_wconf 88' lang='lat' dir='ltr'><strong>semel</strong></span> <span class='ocrx_word' id='word_1_216' title='bbox 1208 3539 1335 3602; x_wconf 91' lang='lat' dir='ltr'><strong>tantum</strong></span> 
     </span>
     <span class='ocr_line' id='line_1_30' title="bbox 144 3637 1335 3721; baseline -0.002 -15"><span class='ocrx_word' id='word_1_217' title='bbox 144 3639 277 3706; x_wconf 81' lang='lat' dir='ltr'><strong>Ovidius</strong></span> <span class='ocrx_word' id='word_1_218' title='bbox 292 3638 327 3704; x_wconf 92' lang='lat' dir='ltr'><strong>in</strong></span> <span class='ocrx_word' id='word_1_219' title='bbox 342 3639 533 3704; x_wconf 86' lang='lat' dir='ltr'><strong>carminibus</strong></span> <span class='ocrx_word' id='word_1_220' title='bbox 549 3638 616 3703; x_wconf 88' lang='lat' dir='ltr'><strong>suis</strong></span> <span class='ocrx_word' id='word_1_221' title='bbox 632 3637 822 3716; x_wconf 83' lang='lat' dir='ltr'><strong>adbibuerit,</strong></span> <span class='ocrx_word' id='word_1_222' title='bbox 839 3637 933 3702; x_wconf 90' lang='lat' dir='ltr'><strong>huius</strong></span> <span class='ocrx_word' id='word_1_223' title='bbox 946 3637 1053 3702; x_wconf 89' lang='lat' dir='ltr'><strong>autem</strong></span> <span class='ocrx_word' id='word_1_224' title='bbox 1068 3638 1219 3720; x_wconf 89' lang='lat' dir='ltr'><strong>imaginis</strong></span> <span class='ocrx_word' id='word_1_225' title='bbox 1235 3658 1335 3721; x_wconf 90' lang='lat' dir='ltr'><strong>neque</strong></span> 
     </span>
     <span class='ocr_line' id='line_1_31' title="bbox 142 3739 1334 3842; baseline 0.003 -37"><span class='ocrx_word' id='word_1_226' title='bbox 142 3744 175 3806; x_wconf 92' lang='lat' dir='ltr'><strong>in</strong></span> <span class='ocrx_word' id='word_1_227' title='bbox 201 3739 313 3807; x_wconf 80' lang='lat' dir='ltr'><strong>Ouidio</strong></span> <span class='ocrx_word' id='word_1_228' title='bbox 336 3759 437 3823; x_wconf 89' lang='lat' dir='ltr'><strong>neque</strong></span> <span class='ocrx_word' id='word_1_229' title='bbox 471 3743 504 3805; x_wconf 89' lang='lat' dir='ltr'><strong>in</strong></span> <span class='ocrx_word' id='word_1_230' title='bbox 528 3742 640 3806; x_wconf 88' lang='lat' dir='ltr'><strong>ceteris</strong></span> <span class='ocrx_word' id='word_1_231' title='bbox 663 3739 764 3823; x_wconf 87' lang='lat' dir='ltr'><strong>poetis</strong></span> <span class='ocrx_word' id='word_1_232' title='bbox 799 3740 901 3805; x_wconf 91' lang='lat' dir='ltr'><strong>ullum</strong></span> <span class='ocrx_word' id='word_1_233' title='bbox 936 3739 1115 3823; x_wconf 83' lang='lat' dir='ltr'><strong>exemplum</strong></span> <span class='ocrx_word' id='word_1_234' title='bbox 1148 3741 1334 3842; x_wconf 58' lang='lat' dir='ltr'><strong>reperiatur,</strong></span> 
     </span>
     <span class='ocr_line' id='line_1_32' title="bbox 143 3842 1335 3928; baseline 0.004 -20"><span class='ocrx_word' id='word_1_235' title='bbox 143 3846 209 3909; x_wconf 89' lang='lat' dir='ltr'><strong>iam</strong></span> <span class='ocrx_word' id='word_1_236' title='bbox 231 3843 289 3908; x_wconf 91' lang='lat' dir='ltr'><strong>bac</strong></span> <span class='ocrx_word' id='word_1_237' title='bbox 312 3861 354 3922; x_wconf 82' lang='lat' dir='ltr'><strong>re,</strong></span> <span class='ocrx_word' id='word_1_238' title='bbox 389 3864 465 3909; x_wconf 92' lang='lat' dir='ltr'><strong>num</strong></span> <span class='ocrx_word' id='word_1_239' title='bbox 500 3844 551 3909; x_wconf 88' lang='lat' dir='ltr'><strong>hie</strong></span> <span class='ocrx_word' id='word_1_240' title='bbox 583 3843 672 3908; x_wconf 92' lang='lat' dir='ltr'><strong>locus</strong></span> <span class='ocrx_word' id='word_1_241' title='bbox 706 3843 745 3908; x_wconf 90' lang='lat' dir='ltr'><strong>ab</strong></span> <span class='ocrx_word' id='word_1_242' title='bbox 769 3842 881 3909; x_wconf 81' lang='lat' dir='ltr'><strong>Ouidio</strong></span> <span class='ocrx_word' id='word_1_243' title='bbox 914 3842 1071 3927; x_wconf 87' lang='lat' dir='ltr'><strong>proiectus</strong></span> <span class='ocrx_word' id='word_1_244' title='bbox 1106 3844 1160 3923; x_wconf 87' lang='lat' dir='ltr'><strong>sit,</strong></span> <span class='ocrx_word' id='word_1_245' title='bbox 1196 3845 1335 3928; x_wconf 87' lang='lat' dir='ltr'><strong>suspicio</strong></span> 
     </span>
     <span class='ocr_line' id='line_1_33' title="bbox 144 3947 1335 4032; baseline 0.002 -21"><span class='ocrx_word' id='word_1_246' title='bbox 144 3947 285 4013; x_wconf 87' lang='lat' dir='ltr'><strong>inicitur.</strong></span> <span class='ocrx_word' id='word_1_247' title='bbox 318 3947 437 4013; x_wconf 88' lang='lat' dir='ltr'><strong>accedit</strong></span> <span class='ocrx_word' id='word_1_248' title='bbox 460 3948 656 4031; x_wconf 81' lang='lat' dir='ltr'><strong>quadratio,</strong></span> <span class='ocrx_word' id='word_1_249' title='bbox 691 3967 753 4031; x_wconf 91' lang='lat' dir='ltr'><strong>qua</strong></span> <span class='ocrx_word' id='word_1_250' title='bbox 785 3948 930 4032; x_wconf 90' lang='lat' dir='ltr'><strong>singulae</strong></span> <span class='ocrx_word' id='word_1_251' title='bbox 963 3949 1119 4032; x_wconf 85' lang='lat' dir='ltr'><strong>imagines</strong></span> <span class='ocrx_word' id='word_1_252' title='bbox 1153 3949 1235 4014; x_wconf 87' lang='lat' dir='ltr'><strong>iuter</strong></span> <span class='ocrx_word' id='word_1_253' title='bbox 1268 3967 1335 4015; x_wconf 88' lang='lat' dir='ltr'><strong>sese</strong></span> 
     </span>
     <span class='ocr_line' id='line_1_34' title="bbox 144 4050 1334 4137; baseline 0.001 -20"><span class='ocrx_word' id='word_1_254' title='bbox 144 4053 327 4117; x_wconf 86' lang='lat' dir='ltr'><strong>coniunctae</strong></span> <span class='ocrx_word' id='word_1_255' title='bbox 353 4057 437 4130; x_wconf 85' lang='lat' dir='ltr'><strong>suut,</strong></span> <span class='ocrx_word' id='word_1_256' title='bbox 461 4052 500 4116; x_wconf 90' lang='lat' dir='ltr'><strong>ab</strong></span> <span class='ocrx_word' id='word_1_257' title='bbox 523 4071 560 4117; x_wconf 88' lang='lat' dir='ltr'><strong>ea</strong></span> <span class='ocrx_word' id='word_1_258' title='bbox 583 4051 712 4127; x_wconf 89' lang='lat' dir='ltr'><strong>ratione,</strong></span> <span class='ocrx_word' id='word_1_259' title='bbox 743 4071 805 4135; x_wconf 93' lang='lat' dir='ltr'><strong>qua</strong></span> <span class='ocrx_word' id='word_1_260' title='bbox 828 4050 960 4117; x_wconf 87' lang='lat' dir='ltr'><strong>Ovidius</strong></span> <span class='ocrx_word' id='word_1_261' title='bbox 983 4054 1016 4117; x_wconf 90' lang='lat' dir='ltr'><strong>iu</strong></span> <span class='ocrx_word' id='word_1_262' title='bbox 1040 4053 1098 4117; x_wconf 91' lang='lat' dir='ltr'><strong>tali</strong></span> <span class='ocrx_word' id='word_1_263' title='bbox 1120 4070 1153 4116; x_wconf 91' lang='lat' dir='ltr'><strong>re</strong></span> <span class='ocrx_word' id='word_1_264' title='bbox 1177 4070 1250 4117; x_wconf 89' lang='lat' dir='ltr'><strong>usus</strong></span> <span class='ocrx_word' id='word_1_265' title='bbox 1274 4055 1334 4137; x_wconf 88' lang='lat' dir='ltr'><strong>eet,</strong></span> 
     </span>
     <span class='ocr_line' id='line_1_35' title="bbox 146 4153 1334 4239; baseline 0.003 -21"><span class='ocrx_word' id='word_1_266' title='bbox 146 4172 275 4237; x_wconf 85' lang='lat' dir='ltr'><strong>prorsus</strong></span> <span class='ocrx_word' id='word_1_267' title='bbox 299 4155 456 4221; x_wconf 83' lang='lat' dir='ltr'><strong>abhorret.</strong></span> <span class='ocrx_word' id='word_1_268' title='bbox 490 4173 562 4220; x_wconf 92' lang='lat' dir='ltr'><strong>uam</strong></span> <span class='ocrx_word' id='word_1_269' title='bbox 587 4156 775 4239; x_wconf 89' lang='lat' dir='ltr'><strong>quicumque</strong></span> <span class='ocrx_word' id='word_1_270' title='bbox 798 4153 948 4221; x_wconf 85' lang='lat' dir='ltr'><strong>Ovidium</strong></span> <span class='ocrx_word' id='word_1_271' title='bbox 970 4156 1218 4238; x_wconf 86' lang='lat' dir='ltr'><strong>perlustraverit,</strong></span> <span class='ocrx_word' id='word_1_272' title='bbox 1242 4155 1334 4223; x_wconf 86' lang='lat' dir='ltr'><strong>iacile</strong></span> 
     </span>
     <span class='ocr_line' id='line_1_36' title="bbox 143 4257 1334 4342; baseline 0.004 -22"><span class='ocrx_word' id='word_1_273' title='bbox 143 4257 311 4342; x_wconf 87' lang='lat' dir='ltr'><strong>intelleget</strong></span> <span class='ocrx_word' id='word_1_274' title='bbox 333 4277 405 4323; x_wconf 87' lang='lat' dir='ltr'><strong>eum</strong></span> <span class='ocrx_word' id='word_1_275' title='bbox 428 4259 462 4323; x_wconf 93' lang='lat' dir='ltr'><strong>iu</strong></span> <span class='ocrx_word' id='word_1_276' title='bbox 485 4258 730 4324; x_wconf 89' lang='lat' dir='ltr'><strong>similitudinum</strong></span> <span class='ocrx_word' id='word_1_277' title='bbox 747 4258 959 4323; x_wconf 89' lang='lat' dir='ltr'><strong>cumulatione</strong></span> <span class='ocrx_word' id='word_1_278' title='bbox 978 4259 1219 4342; x_wconf 87' lang='lat' dir='ltr'><strong>comparationis</strong></span> <span class='ocrx_word' id='word_1_279' title='bbox 1234 4260 1334 4341; x_wconf 89' lang='lat' dir='ltr'><strong>parti·</strong></span> 
     </span>
     <span class='ocr_line' id='line_1_37' title="bbox 145 4360 1333 4444; baseline 0.003 -20"><span class='ocrx_word' id='word_1_280' title='bbox 145 4361 230 4424; x_wconf 84' lang='lat' dir='ltr'><strong>culae</strong></span> <span class='ocrx_word' id='word_1_281' title='bbox 253 4360 287 4424; x_wconf 93' lang='lat' dir='ltr'><strong>in</strong></span> <span class='ocrx_word' id='word_1_282' title='bbox 304 4361 408 4425; x_wconf 85' lang='lat' dir='ltr'><strong>fronte</strong></span> <span class='ocrx_word' id='word_1_283' title='bbox 423 4361 670 4444; x_wconf 87' lang='lat' dir='ltr'><strong>uniuscuiusque</strong></span> <span class='ocrx_word' id='word_1_284' title='bbox 686 4361 834 4444; x_wconf 87' lang='lat' dir='ltr'><strong>imaginis</strong></span> <span class='ocrx_word' id='word_1_285' title='bbox 850 4379 965 4443; x_wconf 88' lang='lat' dir='ltr'><strong>ponere</strong></span> <span class='ocrx_word' id='word_1_286' title='bbox 980 4360 1112 4428; x_wconf 88' lang='lat' dir='ltr'><strong>solitum</strong></span> <span class='ocrx_word' id='word_1_287' title='bbox 1127 4380 1205 4439; x_wconf 89' lang='grc'><strong>3333,</strong></span> <span class='ocrx_word' id='word_1_288' title='bbox 1224 4363 1333 4441; x_wconf 81' lang='lat' dir='ltr'><strong>veluti,</strong></span> 
     </span>
     <span class='ocr_line' id='line_1_38' title="bbox 144 4463 1334 4548; baseline 0.001 -20"><span class='ocrx_word' id='word_1_289' title='bbox 144 4467 180 4528; x_wconf 87' lang='lat' dir='ltr'><strong>nt</strong></span> <span class='ocrx_word' id='word_1_290' title='bbox 203 4483 301 4528; x_wconf 90' lang='lat' dir='ltr'><strong>uuum</strong></span> <span class='ocrx_word' id='word_1_291' title='bbox 325 4463 385 4529; x_wconf 89' lang='lat' dir='ltr'><strong>tibi</strong></span> <span class='ocrx_word' id='word_1_292' title='bbox 406 4481 577 4546; x_wconf 90' lang='lat' dir='ltr'><strong>proponam</strong></span> <span class='ocrx_word' id='word_1_293' title='bbox 599 4465 786 4547; x_wconf 83' lang='lat' dir='ltr'><strong>exemplum,</strong></span> <span class='ocrx_word' id='word_1_294' title='bbox 810 4463 883 4527; x_wconf 80' lang='lat' dir='ltr'><strong>Am.</strong></span> <span class='ocrx_word' id='word_1_295' title='bbox 907 4464 941 4528; x_wconf 90' lang='lat' dir='ltr'><strong>II</strong></span> <span class='ocrx_word' id='word_1_296' title='bbox 963 4465 993 4542; x_wconf 86' lang='lat'><strong>5,</strong></span> <span class='ocrx_word' id='word_1_297' title='bbox 1018 4464 1061 4529; x_wconf 85' lang='lat'><strong>35</strong></span> <span class='ocrx_word' id='word_1_298' title='bbox 1084 4483 1150 4547; x_wconf 84' lang='lat' dir='ltr'><strong>sqq.</strong></span> <span class='ocrx_word' id='word_1_299' title='bbox 1168 4483 1334 4548; x_wconf 89' lang='lat' dir='ltr'><strong>quaecum</strong></span> 
     </span>
     <span class='ocr_line' id='line_1_39' title="bbox 144 4559 1334 4654; baseline 0.003 -24"><span class='ocrx_word' id='word_1_300' title='bbox 144 4566 190 4631; x_wconf 88' lang='lat' dir='ltr'><strong>ita</strong></span> <span class='ocrx_word' id='word_1_301' title='bbox 206 4567 282 4654; x_wconf 84' lang='lat' dir='ltr'><strong>sint,</strong></span> <span class='ocrx_word' id='word_1_302' title='bbox 297 4566 465 4632; x_wconf 85' lang='lat' dir='ltr'><strong>bffcndaris</strong></span> <span class='ocrx_word' id='word_1_303' title='bbox 476 4586 601 4632; x_wconf 89' lang='lat' dir='ltr'><strong>necesse</strong></span> <span class='ocrx_word' id='word_1_304' title='bbox 617 4568 664 4632; x_wconf 91' lang='lat' dir='ltr'><strong>est</strong></span> <span class='ocrx_word' id='word_1_305' title='bbox 679 4585 723 4646; x_wconf 82' lang='lat' dir='ltr'><strong>eo,</strong></span> <span class='ocrx_word' id='word_1_306' title='bbox 741 4567 822 4650; x_wconf 92' lang='lat' dir='ltr'><strong>quod</strong></span> <span class='ocrx_word' id='word_1_307' title='bbox 839 4568 942 4649; x_wconf 91' lang='lat' dir='ltr'><strong>prima</strong></span> <span class='ocrx_word' id='word_1_308' title='bbox 954 4566 1057 4651; x_wconf 89' lang='lat' dir='ltr'><strong>imago</strong></span> <span class='ocrx_word' id='word_1_309' title='bbox 1070 4567 1164 4633; x_wconf 87' lang='lat' dir='ltr'><strong>verbo</strong></span> <span class='ocrx_word' id='word_1_310' title='bbox 1177 4559 1334 4650; x_wconf 82' lang='lat' dir='ltr'><strong>‘qualem’‚</strong></span> 
     </span>
    </p>
   </div>
   <div class='ocr_carea' id='block_1_8' title="bbox 0 0 1690 5134">
    <p class='ocr_par' dir='ltr' id='par_1_8' title="bbox 0 0 1690 5134">
     <span class='ocr_line' id='line_1_40' title="bbox 0 0 1690 5134; baseline 0 0"><span class='ocrx_word' id='word_1_311' title='bbox 0 0 1690 5134; x_wconf 95' lang='lat' dir='ltr'><strong> </strong></span> 
     </span>
    </p>
   </div>
  </div>
 </body>
</html>
