3366 5132
634 526 826 590 -χ.-

139 667 255 784 sinna
278 716 383 800 imago
406 715 523 800 legitur
545 713 584 778 u.
609 736 627 794 ρ
652 712 715 779 ros
736 730 815 795 sqq„
848 711 905 777 uu
927 712 1044 778 nourr
1069 711 1226 797 regressu
1248 730 1320 780 oum

138 820 250 887 nribus
284 819 527 902 componuntnr,
551 834 630 898 quae
653 816 835 900 accipitrem
858 815 1082 899 conspicientes
1104 834 1198 899 quam
1221 819 1319 884 celor-

138 923 217 990 rime
241 922 385 988 avolant:

343 1047 403 1096 τῶν
423 1043 454 1107 δ’,
474 1042 550 1094 ὥστε
568 1044 673 1107 ψαρῶν
692 1039 780 1105 νέφος
798 1040 911 1107 ἔρχεται
930 1040 963 1105 ήὲ
983 1045 1112 1107 κολοιῶν,
1131 1015 1136 1026 ’

345 1129 431 1182 οίιλον
450 1127 646 1193 κεκλήγοντες,
666 1127 714 1180 ὀτε
733 1126 889 1193 προΐδωσιν
908 1125 990 1180 ἰόντα

342 1215 448 1285 κίρκον,
467 1216 533 1268 ὅτε
552 1219 685 1282 σμικρῇσι
703 1213 797 1294 φόνον
816 1214 897 1282 φέρει
916 1213 1084 1282 ὀρνίθεσσιν.

137 1343 294 1406 utentem
310 1338 442 1405 Ovidius
457 1339 537 1403 hanc
552 1337 721 1420 imaginem
737 1355 773 1400 ex
788 1337 930 1403 universo
947 1339 1054 1404 avium
1065 1358 1177 1424 genere
1188 1341 1321 1423 petitam

135 1443 167 1510 in
180 1442 301 1528 Orphei
324 1442 430 1508 fabulo
444 1442 625 1533 illustrandi
638 1460 731 1509 causa
745 1441 916 1520 adhiberet,
941 1443 1095 1508 excitatus
1111 1460 1177 1508 esse
1194 1443 1320 1508 ridetur

140 1545 269 1629 Vergilii
298 1546 452 1629 exemplo,
483 1545 564 1629 apud
594 1564 687 1628 quem
717 1547 750 1610 in
779 1546 887 1611 eadem
910 1543 1026 1628 Orphei
1049 1544 1158 1610 fabula
1180 1546 1346 1620 eiusdem¹

136 1648 260 1733 generis
283 1648 387 1741 imago
418 1667 484 1715 seso
508 1650 598 1716 offert
621 1648 732 1730 Georg.
756 1649 802 1714 IV
824 1649 888 1714 473
911 1668 968 1732 sq,
992 1668 1051 1732 quo
1076 1652 1142 1715 loco
1172 1668 1320 1714 numerus

137 1752 336 1837 umbrarum,
366 1771 444 1835 quae
467 1752 583 1836 Orphei
605 1755 699 1819 cantu
723 1752 922 1834 alliciuntur,
948 1751 1053 1818 avium
1076 1751 1216 1836 imagine
1245 1752 1320 1818 illu·

137 1859 256 1923 stratur
277 1858 400 1940 vesperi
425 1858 475 1922 vel
497 1858 596 1923 imbre
619 1859 779 1941 premente
801 1857 833 1922 in
857 1857 942 1923 foliis
965 1875 997 1922 se
1020 1857 1232 1922 condentium.

240 1959 301 2027 Sed
328 1964 525 2028 transeamus
554 1963 593 2028 ad
626 1961 849 2028 similitudines
882 1980 918 2026 en
952 1960 1089 2045 singulis
1124 1960 1232 2026 avibus
1265 1961 1322 2026 de·

137 2067 314 2148 promptas,
345 2065 456 2150 quibus
490 2065 523 2131 in
556 2064 754 2130 recensendis
787 2066 850 2130 iem
882 2065 973 2130 initio
1003 2064 1092 2130 nobis
1123 2065 1322 2147 apertissima

138 2186 172 2234 ao
217 2168 476 2236 manifestissime
519 2169 687 2236 statuenda
729 2172 778 2234 est
822 2167 966 2235 imitatio.
1011 2166 1198 2234 describitur
1234 2168 1320 2234 enim

138 2271 176 2336 Il.
200 2297 221 2354 μ
245 2272 309 2342 200
331 2291 398 2359 sqq.
432 2273 601 2357 augurium
623 2272 764 2338 Troianis
788 2271 1018 2355 superveniens,
1048 2271 1130 2355 quod
1153 2272 1185 2337 et
1208 2271 1320 2356 Vergi-

138 2375 198 2441 lius
222 2377 254 2441 et
276 2374 409 2444 Ouidius
437 2375 522 2442 uarie
552 2377 586 2441 in
615 2375 836 2442 similitudinis
864 2395 957 2440 usum
979 2376 1175 2458 receperunt.
1213 2377 1320 2458 itaque

139 2481 265 2546 Homeri
287 2481 392 2546 locum
414 2480 475 2546 huc
497 2481 706 2563 pertinentem
735 2480 898 2562 integrum
921 2477 1092 2546 exscribere
1116 2478 1194 2543 mihi
1216 2478 1319 2544 liceat.

140 2586 211 2650 sunt
233 2584 319 2650 enim
342 2603 448 2651 versus
470 2585 519 2651 bt:

343 2707 421 2774 ὀρνις
438 2705 494 2772 γάρ
513 2719 582 2772 σφιν
600 2705 704 2769 έπήλθε
723 2705 916 2772 περησέμεναι
935 2708 1090 2769 μεμαῶσιν,

344 2791 438 2855 αίετός
456 2793 597 2860 ὑψιπέτης
615 2793 658 2846 ἐπ’
676 2791 809 2860 ὀριστερό
827 2792 898 2845 λαόν
918 2791 1036 2858 ἐέργων,

343 2881 501 2946 φοινήεντα
521 2880 666 2948 δράκοντα
685 2880 784 2946 φέρων
803 2879 936 2945 ὀνύχεσσι
954 2879 1087 2946 πέλωρον

343 2968 426 3028 Ζωόν,
445 2965 486 3020 ἔτ’
504 2965 696 3035 ἀσπαίροντα·
719 2969 767 3019 καί
784 2967 866 3019 οῠπω
884 2965 990 3032 λήθετο
1008 2966 1127 3033 χάρμης.

342 3054 414 3121 κόψε
433 3053 488 3122 γάρ
508 3053 598 3106 αὐτὸν
618 3054 721 3119 ἔχοντα
740 3053 813 3106 κατά
832 3055 937 3120 στῆθος
955 3054 1034 3121 παρὰ
1053 3054 1151 3122 δειρήν

342 3138 472 3203 ἰδνωθείς
490 3139 595 3194 ὀπίσω·
619 3141 634 3192 ὀ
654 3139 678 3192 δ’
696 3139 753 3192 dub
772 3141 836 3194 ἕθεν
854 3138 904 3204 ήκε
922 3143 1029 3205 χαμᾶζε

343 3226 470 3294 ἀλγήσας
488 3229 617 3296 ὀδύνῃσι,
637 3227 714 3294 μέσῳ
734 3229 761 3279 b'
779 3227 820 3280 ἑνί
839 3227 955 3292 κάββαλ’
973 3226 1073 3295 ὁμίλῳ,

344 3313 431 3375 αὐτὸς
449 3314 480 3367 δέ
499 3313 620 3378 κλάγξας
637 3313 741 3366 πέτετο
759 3317 860 3381 πνοιῇς
878 3312 1003 3378 ἀνέμοιο.

141 3435 219 3500 hano
265 3434 504 3516 descriptionem
549 3453 673 3518 pugnae
718 3437 840 3518 aquilae
880 3453 951 3501 oum
996 3439 1127 3501 dracone
1159 3434 1318 3520 Vergilius

141 3537 215 3602 hen.
238 3537 285 3602 XI
309 3537 371 3602 751
395 3556 460 3620 sqq.
478 3537 541 3602 ,ita
563 3538 714 3617 variavit,
750 3543 784 3603 ut
819 3538 955 3621 aquilam
990 3538 1169 3604 vincentem
1199 3537 1318 3604 fecerit.

140 3639 279 3707 Venulus
302 3643 386 3706 enirn
408 3643 438 3706 in
463 3661 567 3726 pugna
589 3660 607 3706 a
621 3642 782 3708 Tarchone
799 3643 837 3707 de
854 3661 932 3725 equo
949 3644 1105 3708 detractus
1121 3644 1155 3708 et
1169 3640 1318 3725 abreptus

142 3745 284 3810 omnibus
308 3742 427 3810 viribus
450 3764 483 3809 re
506 3744 663 3811 defendit:

342 3887 426 3950 utque
443 3883 537 3936 aoiarsr
555 3883 611 3936 alte
628 3889 741 3952 raptam
759 3861 821 3938 οιιία
837 3884 918 3950 sulca
936 3884 1083 3940 draconem

341 3968 396 4035 fert
413 3967 510 4035 aquila
526 3967 709 4038 implicuitque
723 3968 808 4037 pedes
826 3975 907 4038 atque
925 3971 1062 4042 unguibus
1079 3971 1174 4036 barat,

343 4055 456 4110 raudus
474 4059 504 4108 ut
522 4071 634 4123 serpens
652 4056 766 4110 sinuosa
784 4057 924 4110 calamina
941 4063 1032 4112 uersat

343 4142 511 4210 arrectisque
528 4143 621 4196 barret
638 4143 757 4211 squamis
775 4148 801 4198 ct
818 4143 912 4198 sibilat
931 4160 986 4206 ore,

343 4228 448 4284 arduos
465 4229 627 4300 iruurpaus:
644 4229 695 4284 illa
712 4231 779 4284 λαιά
796 4231 889 4286 marus
905 4237 987 4300 uruat
1004 4232 1108 4289 οόωισο

343 4317 494 4370 tunicatam
511 4322 608 4383 rastro,
625 4317 707 4372 αίιαιιί
725 4317 837 4373 uerbera
854 4319 979 4374 uerbaat
996 4319 1056 4374 alis.

143 4435 269 4504 Ovidius
290 4438 374 4504 idem
396 4439 526 4508 Homeri
547 4443 713 4525 augurium
735 4442 905 4525 respiciens
926 4446 1003 4510 duas
1026 4443 1217 4527 excogitavit
1238 4443 1318 4510 inra-

143 4539 238 4628 φίλοι,
261 4560 394 4625 quarum
409 4546 441 4609 in
457 4563 522 4610 une
536 4546 640 4628 aquila
658 4546 823 4612 draconem
839 4547 947 4628 vincit,
970 4549 1004 4612 in
1026 4548 1126 4614 altere
1147 4567 1166 4614 a
1188 4547 1319 4614 dracone
