3370 5134
837 583 879 594 -
927 547 987 611 146
1035 583 1072 592 --

361 736 427 821 ille,
444 755 537 819 quem
550 737 706 802 Daedalus
723 737 944 812 construxerat,
969 735 1107 818 imagine
1123 734 1330 800 adumbratur
1346 753 1365 800 a
1379 733 1554 800 Maeandro

362 838 493 904 fiumina
517 839 631 924 petita,
663 838 779 920 quain
801 858 835 904 re
857 838 940 904 Naso
964 843 1053 904 tanto
1082 856 1153 903 aum
1177 838 1301 922 ingenio
1322 839 1464 904 namatus
1489 839 1552 918 ert,

361 946 508 1012 utnulla
531 946 595 1010 lere
616 946 705 1028 parte
728 944 821 1009 huius
844 942 1065 1009 similitudinis
1088 941 1233 1025 neglecta
1257 942 1350 1025 plena
1366 946 1398 1007 et
1412 941 1555 1024 pertenta

363 1050 532 1132 descriptio
566 1047 718 1113 evaderet.
753 1049 859 1112 narrat
894 1045 977 1111 onim
1012 1043 1084 1110 inde
1112 1063 1182 1110 av.
1209 1045 1269 1111 159
1291 1063 1369 1128 sqq,
1393 1063 1487 1128 quem
1509 1046 1555 1111 ad

360 1154 489 1220 modum
524 1152 682 1218 Daedalus
722 1151 755 1215 in
796 1168 888 1242 opero
920 1149 1036 1215 Minoia
1070 1148 1157 1213 iussu
1198 1151 1341 1214 extruatu
1374 1149 1480 1214 oeulos
1514 1150 1554 1214 in

365 1274 499 1322 errorem
522 1254 681 1321 induxerit
704 1253 831 1336 ancipiti
855 1253 936 1318 flexu
960 1252 1084 1318 riarum
1107 1252 1320 1318 diversarum:

565 1391 624 1428 uam
640 1389 718 1430 serus
735 1391 769 1428 uo
786 1374 910 1443 liquidus
928 1374 1060 1444 Plrrppr‘is
1078 1373 1250 1428 Maeandros
1267 1372 1301 1425 iu
1318 1371 1393 1426 areis

568 1461 650 1525 ludit,
669 1467 696 1516 et
713 1461 838 1532 ambipua
854 1461 936 1529 lapsu
954 1461 1100 1529 refluitque
1117 1461 1240 1529 pluitque,
1332 1519 1335 1526 ,

571 1562 771 1615 oaourrerraquo
788 1547 841 1602 siti
858 1552 990 1602 neuturus
1008 1545 1129 1615 adspicit
1146 1545 1247 1611 uudas,

567 1641 592 1688 et
610 1651 687 1689 uuna
703 1635 742 1688 ad
759 1633 860 1700 foratas,
877 1649 954 1688 murm
971 1632 1010 1688 ad
1027 1649 1103 1688 mare
1120 1649 1215 1688 uersus
1232 1639 1360 1701 apertum

566 1721 689 1775 incertas
706 1725 810 1776 exercet
828 1736 931 1788 aquas:
946 1721 989 1774 ita
1007 1719 1153 1774 Daedalus
1170 1719 1265 1787 implet

566 1807 733 1860 iuuumrrur
748 1821 840 1859 errore
858 1806 925 1860 mas.
943 1807 1043 1875 viraque
1059 1807 1119 1873 ipse
1135 1807 1238 1859 reuerti

567 1891 605 1944 ad
622 1891 706 1945 diruere
719 1891 829 1960 potuit;
847 1896 929 1945 tanta
947 1897 987 1945 est
1003 1891 1121 1957 fallacia
1137 1892 1209 1956 teeti.

363 1999 438 2062 haee
460 1996 559 2081 igitur
581 1996 687 2078 imago
710 2015 728 2060 a
750 1996 918 2061 Maeandro
940 1996 1079 2079 profecta
1111 1997 1193 2077 apud
1217 1995 1393 2078 Vergilium
1428 1995 1551 2078 legitur

363 2104 443 2168 Aen.
466 2101 495 2166 V
517 2099 582 2167 250
605 2117 668 2182 sq.:

571 2257 579 2272 .
606 2256 613 2270 .
641 2257 648 2271 .
671 2219 840 2288 chlamydem
857 2225 998 2286 auratam,
1017 2218 1239 2287 quamplurima
1256 2218 1358 2273 circum

561 2321 695 2374 purpura
712 2305 863 2360 maeandra
881 2306 986 2374 duplici
1003 2305 1142 2362 Meliboea
1158 2305 1284 2360 cucurrit
1289 2324 1299 2373 ,·
1340 2363 1342 2367 .

361 2446 421 2511 qno
452 2447 523 2494 anm
558 2428 625 2493 loeo
659 2427 731 2510 apta
767 2446 887 2511 quoque
921 2429 1119 2494 contenditur
1153 2428 1251 2493 altera
1275 2425 1410 2514 Vergilii
1445 2430 1553 2516 imago

360 2533 491 2616 (Georg.
515 2532 531 2597 I
553 2529 618 2597 244
636 2531 730 2616 sqq.),
754 2551 790 2596 ou
812 2550 872 2614 qna
891 2533 993 2596 status
1015 2531 1160 2614 obliquus
1184 2530 1296 2615 anguis
1315 2531 1437 2616 sideris,
1461 2533 1554 2599 inter

360 2637 509 2701 maiorem
533 2641 563 2699 et
586 2635 740 2699 minorem
772 2653 878 2700 ursam
914 2634 1109 2716 adparentis,
1144 2635 1225 2700 flexu
1258 2633 1385 2719 obliquo
1407 2636 1552 2703 fluminis

359 2739 527 2804 indicatur.
543 2738 598 2802 sed
614 2738 720 2821 imago
737 2739 775 2803 de
789 2737 961 2803 Maeandro
978 2739 1107 2803 flumine
1122 2737 1185 2803 iam
1202 2759 1221 2804 a
1237 2738 1386 2806 Oioerone
1402 2739 1553 2808 adhibita

360 2848 406 2908 eu
427 2841 461 2907 n
483 2841 548 2906 ms.
573 2842 625 2921 aa,
649 2842 708 2923 53;
732 2843 771 2906 n:
795 2840 860 2907 on.
888 2841 962 2906 vrn
987 2842 1036 2916 17,
1061 2843 1116 2920 113
1141 2841 1223 2909 sarr.
1245 2843 1323 2908 xvr
1345 2844 1375 2927 a,
1391 2845 1453 2909 ee
1475 2839 1509 2914 rt

462 2961 548 3026 Huio
571 2958 705 3046 imagini
728 2962 903 3045 complures
926 2965 1090 3029 adnectere
1111 2964 1216 3045 plaoet
1232 2962 1456 3030 similitudines
1474 2963 1552 3031 Ovi·

362 3064 483 3141 dianas,
507 3082 597 3147 quae,
621 3067 696 3130 lieet
719 3084 768 3130 res
791 3084 854 3131 nou
876 3067 967 3150 plane
992 3067 1077 3132 oerta
1098 3067 1150 3150 sit,
1179 3068 1287 3132 tamen
1316 3065 1382 3133 inre
1413 3069 1551 3152 quodam

361 3169 402 3234 ad
428 3167 559 3253 Vergilii
582 3169 759 3253 exemplum
793 3170 931 3236 revocari
956 3174 1097 3255 possunt.
1135 3169 1197 3236 huo
1220 3169 1319 3255 igitur
1340 3171 1479 3254 pertinet
1513 3190 1552 3238 ea

358 3271 473 3358 imago,
496 3291 574 3356 qnae
597 3273 776 3338 naviculam
800 3273 930 3339 adverso
952 3273 1081 3340 flumine
1096 3273 1275 3356 propulsam
1298 3293 1334 3340 ao
1357 3294 1430 3342 mor
1452 3277 1548 3341 undis

359 3375 560 3442 vehementer
577 3376 724 3442 reiectam
740 3378 873 3460 spectat.
897 3377 985 3443 ouius
1000 3376 1148 3461 imaginis
1164 3379 1338 3460 exemplum
1353 3379 1451 3446 habes
1467 3384 1550 3462 apud

361 3478 542 3564 Vergilium
565 3481 678 3563 Georg.
703 3480 718 3545 I
744 3480 806 3546 199
828 3498 913 3565 sqq.:

776 3637 989 3653 .....
1013 3601 1041 3653 ’.
1080 3603 1119 3656 sie
1137 3603 1230 3656 ommia
1246 3602 1315 3669 satia

563 3685 596 3738 iu
609 3686 691 3753 peius
707 3701 791 3740 ruere
809 3702 843 3741 aa
860 3691 934 3741 retro
952 3687 1084 3755 sublapsa
1101 3687 1212 3754 referri,

565 3786 623 3824 mou
640 3773 722 3826 aliter
740 3789 820 3843 quam
838 3773 886 3842 qui
908 3773 1023 3827 aduerso
1041 3775 1088 3827 aira
1105 3775 1219 3842 (lumime
1236 3775 1350 3830 lembum

564 3858 684 3928 remigiis
700 3861 809 3930 submit,
828 3861 853 3912 si
870 3861 997 3914 bracalia
1014 3860 1087 3926 sorte
1104 3863 1219 3927 remisit,

565 3949 648 4011 atque
665 3945 742 4000 ellum
755 3961 890 4014 praeceps
904 3961 996 4013 prauo
1014 3947 1092 4014 rapit
1109 3947 1203 4002 alueus
1221 3947 1305 4001 amru‘.

356 4049 464 4113 eadem
485 4048 549 4112 fere
571 4046 709 4132 imagine
732 4069 805 4115 usus
829 4056 875 4116 est
892 4050 1022 4116 Ovidius
1040 4054 1112 4116 Am.
1135 4050 1220 4132 114,
1245 4053 1263 4116 7
1287 4070 1343 4135 sq,
1366 4051 1404 4115 nt
1425 4049 1541 4116 amoris

358 4150 407 4216 sui
429 4152 494 4215 vim
518 4150 711 4217 illustraret:

564 4286 630 4325 rrum
647 4270 748 4326 desuut
765 4275 838 4329 uires
855 4272 895 4328 ad
912 4289 954 4328 me
972 4274 1039 4328 milri
1055 4275 1153 4343 iusque
1170 4274 1328 4345 repeudum.

615 4357 731 4426 auferor
748 4366 780 4414 ut
797 4359 901 4428 rapida
919 4361 1029 4415 aeumta
1045 4362 1149 4429 puppis
1167 4377 1249 4430 apua

357 4465 496 4547 itemquo
518 4463 579 4530 hua
600 4469 739 4532 revocari
760 4469 864 4551 potest
887 4487 923 4533 ea
945 4468 1132 4547 similitudo,
1157 4487 1251 4551 quam
1275 4467 1347 4532 exul
1363 4468 1397 4533 iu
1413 4465 1541 4532 Maximi

357 4567 483 4632 landem
506 4569 692 4652 conseripsit
713 4589 750 4634 err
771 4569 809 4636 P.
832 4569 866 4634 11
889 4570 920 4647 3,
944 4571 983 4634 21
1008 4589 1073 4653 sq.:
