3366 5132
627 531 839 596 ...57-

242 719 291 786 Ae
324 719 461 802 primum
504 717 630 801 quidem
670 720 776 804 imago
818 722 855 785 de
892 737 987 804 cyeno
1027 722 1126 804 petita
1167 721 1327 788 invenitur

138 824 229 906 epist.
257 822 318 886 VII
342 825 358 885 1
383 841 446 909 sq.:

345 944 384 997 sie
401 944 450 998 nbi
467 945 530 1008 fata
548 949 657 1006 abeant,
676 943 740 998 ndis
757 943 878 999 abiectus
895 946 926 998 ib
943 945 1034 999 herbis

397 1029 435 1083 ad
454 1029 528 1084 enda
546 1029 701 1084 Maeandri
718 1031 840 1110 constent
858 1031 937 1086 albus
954 1032 1020 1086 olor,

138 1151 198 1215 quo
222 1134 292 1198 loeo
324 1151 400 1214 rem,
437 1136 527 1199 euius
550 1134 756 1200 illustrandae
791 1153 885 1200 eausa
918 1137 995 1201 haee
1030 1138 1135 1220 imago
1158 1136 1325 1220 prefertur,

138 1235 273 1303 Ovidius
308 1237 347 1302 de
380 1237 537 1302 industria
572 1236 681 1302 omisit
703 1239 770 1302 sine
794 1239 886 1304 dubie
911 1257 947 1303 ea
969 1242 1006 1305 de
1031 1259 1134 1323 eausa,
1159 1241 1243 1324 quod
1266 1241 1326 1306 hee

136 1341 258 1406 ratione
292 1341 433 1408 mulieris
456 1342 624 1407 scribentis
659 1343 790 1407 effeetus
814 1343 926 1407 melius
950 1345 1142 1426 exprimitur.
1192 1343 1326 1408 alterum

136 1444 232 1509 huius
255 1444 401 1527 imaginis
426 1445 603 1527 exemplum
627 1445 722 1511 habes
738 1444 772 1508 in
794 1445 951 1511 fabularis
965 1444 1110 1524 (labente,
1134 1446 1203 1512 Pici
1220 1465 1323 1528 uxore,

136 1548 218 1612 Met·
239 1547 316 1612 XIV
339 1548 402 1612 429
431 1567 477 1630 sq.
513 1547 570 1612 ille
605 1547 688 1613 enim
718 1548 870 1614 desiderio
899 1549 960 1613 viri
990 1551 1095 1614 amissi
1125 1549 1327 1614 extabeseens

119 1654 234 1733 ‚atque
257 1651 383 1733 lugens:

346 1772 428 1825 verba
447 1771 611 1825 sono-teani
630 1787 755 1825 maerens
771 1771 914 1838 fundebat,
933 1778 965 1826 nt
983 1773 1047 1825 olim

345 1859 470 1912 camina
487 1859 543 1912 iam
562 1859 682 1912 mertens
701 1859 777 1912 eenit
795 1859 949 1927 exequialia
968 1875 1077 1928 eyenns.

141 1963 234 2028 tertie
256 1963 333 2045 lose,
359 1965 413 2045 qui
436 1965 522 2028 extet
545 1965 631 2029 Fast.
656 1963 689 2027 ll
715 1964 842 2044 109sq.,
859 1963 1134 2030 felicissimehane
1157 1964 1327 2047 imaginem

144 2065 323 2131 adhibuisse
345 2070 501 2149 putandus
526 2073 573 2132 est
598 2073 701 2149 poeta,
725 2085 797 2132 eum
826 2071 954 2132 eentum
976 2067 1112 2144 Arionis,
1144 2086 1238 2149 quem
1260 2066 1327 2143 ille,

147 2172 317 2250 antequem
332 2171 459 2235 'medias
476 2173 508 2235 in
531 2173 630 2235 undas
654 2170 792 2248 desiluit,
817 2171 932 2248 emisit,
955 2170 1089 2235 eontulit
1110 2171 1211 2235 modis
1237 2170 1329 2253 lugu-

144 2271 249 2336 bribus
274 2274 363 2357 eyeni
385 2275 565 2338 morientis:

345 2393 477 2460 flebilibus
495 2393 581 2447 velati
597 2393 720 2446 numeris
737 2395 866 2447 canentia
885 2393 958 2447 dara

397 2480 530 2534 traiectas
544 2480 637 2546 pinna
655 2485 778 2547 ternpore
797 2485 893 2533 cantat
910 2481 977 2534 otor.

138 2585 271 2668 denique
294 2577 424 2650 Ovidius
446 2589 482 2650 nt
498 2603 587 2650 suam
604 2586 702 2668 ipsius
718 2585 930 2650 miserabilem
954 2585 1165 2650 condicionem
1182 2586 1215 2649 in
1232 2584 1326 2648 exilio

138 2688 323 2767 illustraret,
347 2688 456 2752 eadem
479 2687 688 2752 similitudine
711 2707 786 2753 usus
810 2691 858 2752 est
881 2687 974 2752 Trist.
999 2687 1027 2751 V
1052 2687 1080 2764 1,
1108 2687 1146 2751 11
1171 2705 1252 2770 sqq.:

345 2813 429 2876 nique
447 2809 539 2861 iacens
556 2807 621 2876 ripn
639 2807 737 2873 dedere
759 2807 903 2874 dunstane
921 2808 978 2861 ales

398 2894 502 2954 dicitnr
520 2909 663 2947 areanum
681 2893 823 2960 deficiente
841 2911 941 2958 necem,

345 2980 384 3035 sie
403 2996 456 3050 eqo,
477 2979 649 3034 Sarmaticas
667 2981 743 3051 longe
759 2981 901 3049 proiectas
920 2982 951 3034 in
969 2997 1039 3046 oras,

399 3065 495 3132 efficia,
515 3066 629 3120 taeitnm
647 3082 683 3119 ae
700 3067 768 3120 mibi
784 3067 872 3132 sunus
891 3073 944 3122 eat.

243 3188 302 3260 Sed
317 3188 381 3254 iem
397 3189 436 3253 ad
452 3190 634 3255 Lucretium
650 3208 705 3254 nes
721 3193 890 3267 vertamus,
908 3190 961 3272 qui
973 3189 1018 3254 IV
1036 3187 1100 3254 545
1115 3209 1162 3274 sq.
1177 3192 1327 3256 doeturus

139 3294 225 3361 noeis
254 3292 424 3375 primordia
452 3310 514 3358 nen
544 3292 656 3358 eadem
685 3292 786 3358 terma
815 3312 905 3359 aures
937 3293 1057 3357 intrare
1088 3312 1156 3358 eam
1179 3313 1246 3358 rem
1268 3295 1326 3358 hee

139 3415 263 3479 quoque
285 3397 423 3479 exemplo
447 3397 604 3461 illustrat:

345 3521 371 3569 et
388 3516 466 3586 egeni
484 3516 564 3569 tortis
583 3515 752 3569 convallibus
772 3532 805 3570 ere
822 3515 966 3570 Heliconis

346 3617 407 3655 enm
425 3601 563 3670 liquidam
580 3601 682 3655 tollae
700 3601 809 3671 lugubri
826 3617 888 3654 enee
906 3600 1063 3670 querellam.

143 3745 236 3807 quem
259 3725 361 3790 leeum
392 3725 420 3788 si
449 3723 574 3808 legeris,
605 3724 743 3808 prolecto
773 3724 862 3789 nulla
891 3725 975 3789 inter
997 3724 1078 3788 hune
1102 3724 1135 3789 et
1156 3721 1326 3790 Ouidianes

142 3828 333 3894 intercedere
367 3827 427 3894 tibi
459 3827 616 3892 videbitur
649 3825 835 3892 similitude.
873 3827 907 3892 at
929 3826 1005 3892 haee
1028 3845 1091 3893 non
1113 3830 1162 3892 est
1184 3828 1327 3894 eodieum

142 3932 308 4015 scriptura,
324 3933 356 3995 in
373 3929 487 4014 quibus
503 3924 545 3995 ‘et
562 3931 677 3998 validis
693 3929 786 3998 neati’
801 3932 859 4012 (sie
871 3930 1032 4014 oblongus,
1049 3932 1103 4012 qui
1114 3949 1133 3994 a
1144 3932 1326 3998 correctoris

143 4055 238 4102 manu
260 4035 345 4100 idem
367 4033 496 4116 praebet
532 4034 613 4118 quod
636 4036 806 4117 quadratus
840 4028 944 4116 ‘nete')
969 4031 1071 4100 ‘tertis
1094 4053 1131 4100 er
1153 4033 1324 4100 Heliconis’

143 4139 271 4224 legitur,
283 4137 348 4206 sed
371 4138 561 4204 Lachmanni
584 4139 764 4204 coniectura
785 4155 853 4202 mee
868 4137 992 4219 quidem
1009 4136 1124 4202 iudicio
1140 4138 1327 4218 nentiquam

146 4240 316 4324 probanda.
339 4260 412 4310 nem
435 4246 471 4306 ut
494 4243 618 4308 meeum
642 4240 731 4307 illem
755 4239 880 4323 longius
903 4240 1044 4308 resedere
1058 4239 1098 4304 ab
1115 4241 1169 4320 eis,
1194 4259 1271 4324 quae
1293 4242 1327 4306 iu

143 4342 233 4410 libris
256 4361 352 4408 manu
380 4345 505 4427 seriptis
539 4344 704 4428 leguntur,
737 4361 837 4412 nonne
859 4343 976 4410 mirum
1009 4348 1056 4408 est
1079 4360 1192 4426 syenes
1215 4348 1327 4410 sentus

145 4447 293 4532 lugubres
317 4447 473 4514 effundere
496 4465 597 4526 eausa,
622 4467 701 4530 quae
724 4449 847 4514 lustum
870 4448 976 4529 infert,
1005 4446 1132 4512 omnine
1155 4463 1218 4510 nen
1242 4447 1325 4512 iudi·

142 4551 233 4615 eata?
267 4569 340 4614 nam
374 4569 473 4634 neque
491 4553 649 4617 ‚senectus
671 4551 810 4617 extrema
843 4568 941 4634 neque
973 4548 1153 4615 marsalia
1175 4568 1212 4613 ex
1235 4568 1327 4616 eausa
