3370 5134
625 523 858 588 -123-

148 727 240 793 porro
256 710 371 776 statuit
386 711 474 795 prius
489 712 727 778 hemistichium
745 711 902 778 Theocriti
918 731 947 778 ν.
965 712 1008 779 20
1023 716 1197 793 λευκοτέρα
1211 717 1336 782 naurdi

149 819 292 881 corrosio
314 814 462 880 Ovidium
487 815 674 900 expressisse
697 835 727 881 ν.
751 814 829 880 789ι
853 805 1066 882 ‘candidior..
1081 866 1089 882 .
1105 818 1124 882 .’
1147 821 1178 882 et
1202 835 1230 884 v.
1255 817 1337 882 796:

355 936 462 990 mollior
479 940 504 990 et
522 935 600 1006 oyem
614 935 719 1003 plumis
736 940 763 989 et
781 936 870 989 lacte
888 941 1019 1000 coacto,

150 1057 341 1123 quamquam
358 1041 504 1124 equidem
520 1043 700 1125 propensior
715 1060 786 1106 eum
801 1043 840 1106 ad
855 1041 1041 1106 credendum
1059 1039 1216 1106 Nasonem
1232 1038 1336 1105 verbis

149 1142 286 1209 ‘mollior
307 1145 389 1210 lacte
413 1145 531 1210 coacto’
554 1147 739 1230 expressisse
762 1163 792 1209 ν.
815 1144 858 1211 26
880 1145 969 1229 idyll.
992 1144 1069 1210 XX:

354 1263 388 1318 τὸ
407 1265 502 1329 στόμα
520 1265 566 1319 κα1
584 1269 715 1329 πακτᾱς
733 1266 978 1334 ἁπαλώτερον,
997 1266 1029 1319 ἐκ
1046 1264 1202 1330 στομάτων
1220 1263 1260 1318 δέ.

146 1385 222 1432 nam
246 1366 306 1433 hoc
328 1387 449 1453 quoque
470 1369 618 1454 idyllium
641 1369 788 1435 Ovidium
810 1370 935 1452 penitus
959 1369 1108 1435 memoria
1122 1387 1178 1434 sua
1195 1369 1334 1433 tenuisse

146 1470 217 1536 aliis
239 1469 480 1556 imitationibus
504 1490 583 1555 quae
606 1473 668 1538 huc
689 1472 857 1555 pertinent,
881 1471 1067 1537 examinatis
1088 1471 1172 1536 infra
1188 1471 1333 1536 osteude-

147 1591 226 1638 mue.
261 1578 399 1641 ceterum
432 1574 510 1640 mihi
533 1576 659 1659 quidem
688 1575 828 1641 eiusdem
862 1594 971 1640 versus
994 1575 1169 1640 Theocritei
1193 1573 1252 1656 (XI
1276 1575 1332 1656 20)

145 1675 379 1744 hemistichium
391 1679 544 1762 posteriue
557 1677 751 1760 ἁπαλωτέρα
764 1677 865 1760 ἀρνός
878 1677 1009 1745 Ovidius
1021 1678 1194 1745 reddidisse
1206 1678 1333 1744 ridetur

145 1780 250 1847 verbis
275 1780 419 1847 ‘tenero
442 1781 589 1847 lascivior
610 1781 745 1847 heedo’
767 1800 795 1847 ν.
819 1783 891 1861 791,
914 1800 985 1847 cnm
1008 1782 1199 1847 adiectirum
1223 1777 1332 1848 ‘lasci-

144 1875 222 1949 vior’
245 1884 362 1968 optime
385 1885 569 1968 respondere
593 1883 642 1950 illi
665 1886 861 1970 reppertos,
880 1884 962 1968 quod
986 1885 1103 1970 legitur
1124 1905 1155 1950 ν.
1185 1885 1235 1960 21,
1266 1887 1331 1951 iam

144 2007 163 2054 a
186 1986 346 2054 Gebauero
369 1987 625 2055 animadversum
639 1989 692 2054 sit.
717 1988 799 2053 unde
821 1989 920 2072 patet,
944 2007 1038 2072 quam
1054 2007 1195 2072 perverse
1211 1990 1331 2072 egerint

142 2093 341 2177 Hartungius
371 2096 403 2156 et
432 2091 609 2156 Ahrensius
639 2109 764 2157 versum
793 2091 885 2157 illum
913 2092 1134 2158 Theocriteum
1163 2095 1201 2158 ab
1230 2095 1330 2158 iuter·

141 2196 282 2281 polatore
305 2196 441 2279 quodam
464 2195 640 2279 proiectum
664 2214 729 2262 esse
753 2199 935 2260 statuentes.

245 2299 342 2365 Porro
376 2300 454 2364 scite
488 2299 668 2365 observarit
703 2298 847 2366 Gebauer
881 2298 1031 2365 Ovidium
1063 2299 1166 2365 verbis
1195 2298 1331 2366 ‘matura

138 2401 265 2469 dulcior
287 2403 357 2468 uvs’
380 2421 410 2470 ν.
427 2402 490 2468 795
506 2405 643 2468 variasse
660 2403 702 2482 id,
720 2403 801 2486 quod
818 2402 936 2486 legitur
951 2403 984 2467 iu
1000 2403 1169 2485 posteriore
1184 2403 1330 2468 hemisti-

138 2507 209 2574 chio
232 2526 263 2571 ν.
277 2507 317 2571 21
342 2507 518 2573 Theocritei
533 2508 722 2589 φιαρωτέρα
739 2507 899 2589 ὄμφακος,
917 2508 948 2571 et
962 2509 1122 2590 praeterea
1137 2506 1326 2572 adiectirum

138 2612 330 2694 φιαρωτέρα
362 2610 534 2676 reddidisse
567 2629 641 2676 voce
676 2609 829 2675 ‘lucidior’
852 2609 885 2674 iu
908 2629 936 2675 ν.
964 2608 1027 2673 795
1048 2609 1160 2692 primo.
1194 2611 1222 2674 si
1252 2630 1326 2676 vero

139 2714 287 2782 Gebauer
308 2716 401 2799 putat
424 2712 581 2780 Nasonem
604 2715 702 2781 etiam
726 2715 828 2780 verbis
851 2705 1057 2797 ‘splendidior
1086 2712 1176 2778 vitro’
1207 2732 1238 2780 ν.
1263 2713 1322 2778 791

137 2818 220 2884 illud
244 2821 431 2899 φιαρωτέρα
454 2823 529 2885 ante
545 2820 647 2885 oculos
664 2818 821 2899 habuisse,
837 2836 954 2884 uereor
971 2838 1008 2884 ne
1023 2818 1056 2884 id
1073 2817 1216 2902 cupidius
1233 2837 1325 2902 quam

137 2923 242 2988 verius
275 2922 432 2988 statuerit.
467 2942 541 2988 nam
574 2923 649 3007 quin
680 2922 810 2989 Ovidius
843 2923 902 2988 hac
936 2922 1147 2988 similitudine
1177 2921 1327 2988 Horatia·

137 3044 214 3091 num
237 3024 317 3091 illud

345 3151 360 3190 o
378 3135 441 3202 fores
458 3136 633 3204 Bandusiae,
651 3111 913 3205 plehcldlor'vlero

136 3231 257 3311 III'13,
276 3231 292 3295 1
312 3232 505 3317 expresserit,
530 3234 675 3318 equidem
699 3234 807 3299 nullus
829 3234 948 3300 dubito,
972 3234 1109 3319 itemque
1126 3234 1249 3299 fallitur
1265 3233 1325 3299 Ge·

135 3339 242 3415 bauer,
266 3353 336 3401 cum
359 3357 389 3420 p.
412 3337 477 3404 240
510 3337 594 3403 dicat
628 3338 733 3403 omnia
756 3357 801 3412 ea,
836 3356 916 3420 quae
948 3336 1020 3402 inde
1053 3357 1122 3404 ar.
1147 3337 1210 3404 798
1243 3338 1325 3422 apud

344 3540 402 3580 ocu
421 3523 656 3594 malleacenses,
675 3524 723 3579 secl
740 3530 807 3580 sunl
825 3530 875 3580 luc
889 3530 1004 3595 pectora
1022 3525 1091 3581 laete

395 3615 421 3664 et
438 3625 494 3665 noc
512 3612 621 3667 calcula
638 3609 806 3666 candidiora
822 3612 894 3666 alce.

134 3696 235 3754 tutius
253 3695 357 3766 legitur
374 3697 452 3767 epist
471 3695 521 3750 XV
540 3702 590 3751 ‘249
609 3713 663 3768 sq.=

338 3789 454 3854 pectora
471 3784 512 3838 oel
525 3785 608 3854 poris
626 3782 743 3847 nivibus,
762 3784 802 3839 cel
820 3784 890 3840 laete
909 3788 1039 3852 tuamque

394 3871 532 3940 complexo
549 3877 664 3927 matrem
682 3869 847 3927 curedidlora
863 3871 936 3927 Ioue.

135 3953 242 4024 utrique
260 3955 378 4025 imagini
396 3959 506 4012 tertiam
525 3958 682 4014 adiunctam
709 3959 819 4028 praebet
837 3955 949 4012 Ovidius
978 3956 1010 4012 de
1028 3973 1109 4028 cycno
1137 3957 1323 4027 desumptam

134 4040 263 4108 nemeis,
291 4057 359 4111 quae
377 4042 508 4114 leguntur
532 4049 561 4099 in
579 4061 604 4099 τ.
624 4050 675 4099 lto
700 4043 871 4114 significetur
897 4043 1027 4114 Iuppiter,
1054 4047 1101 4115 qut
1129 4045 1205 4114 cycni
1232 4043 1321 4099 forma

134 4128 272 4196 praeditus
291 4129 325 4184 ad
342 4129 445 4185 Ledam
464 4131 609 4186 devolavit
628 4135 708 4200 atque
727 4132 847 4202 imagine
865 4147 881 4186 s
899 4132 979 4186 lactis
997 4131 1083 4186 colore
1101 4132 1189 4201 petite
1206 4137 1313 4201 prester

134 4211 307 4268 Theocritum
317 4214 393 4285 idyll.
403 4215 442 4270 xl
453 4221 486 4270 20
496 4235 561 4272 usus
570 4220 611 4271 est
620 4215 778 4288 Apollonius
796 4219 862 4286 Arg.
876 4216 916 4272 IV
931 4222 982 4272 976
995 4233 1035 4287 sq.
1048 4222 1137 4274 πᾶσαι
1149 4219 1181 4272 δὲ
1193 4219 1314 4284 γάλακτι

134 4296 285 4366 εἰδόμεναι,
303 4301 391 4355 ultera
409 4301 441 4356 de
460 4304 522 4357 nire
539 4302 697 4372 deprompta
715 4303 786 4373 apud
804 4303 944 4360 Catullum
962 4304 1065 4373 legitur
1084 4321 1105 4360 e.
1124 4302 1224 4358 LXXX
1243 4309 1256 4357 1
1276 4320 1316 4372 sq.

135 4381 244 4439 ‘lebelle
262 4385 375 4440 hiberna
396 4423 405 4440 .
432 4426 439 4440 .
467 4425 474 4441 .
502 4425 509 4440 .
531 4387 689 4443 candidiora
709 4389 786 4456 nive,
805 4392 833 4444 et
851 4389 924 4459 apud
942 4389 1089 4445 Homerum
1107 4389 1142 4445 11.
1160 4405 1177 4444 κ
1194 4393 1322 4446 4371ευ-

133 4469 246 4540 κότεροι
258 4474 361 4540 χιόνος,
374 4475 465 4541 tertie,
478 4488 546 4542 quae
559 4478 600 4528 est
611 4473 644 4529 de
658 4491 748 4545 cycno,
762 4476 877 4530 conferri
890 4479 981 4546 potest
995 4491 1056 4532 eum
1070 4475 1149 4546 Verg.
1159 4475 1207 4530 ecl.
1218 4475 1272 4532 VH
1286 4481 1319 4530 38

132 4553 279 4612 ‘candidior
296 4559 402 4628 cycnis'.
420 4558 455 4615 ci.
474 4574 579 4629 quoque
596 4576 665 4630 quae
683 4562 853 4632 exposuimus
871 4578 897 4632 p.
916 4567 958 4616 ³3.
