3366 5132
856 468 1068 532 ..44-

571 655 699 709 earmiuu
716 655 841 710 suhiiuu's
860 661 928 710 tuuc
945 661 1010 710 seuit
1025 657 1157 725 periture
1176 657 1301 724 Lucreti,

622 741 706 794 exitio
726 749 813 794 tcrrus
831 756 891 795 cum
910 741 987 796 dubit
1004 759 1065 796 uuu
1083 741 1147 796 dies.

367 828 479 909 quibus
512 829 652 894 versibus
683 846 753 892 oum
777 828 908 894 Ovidius
937 830 1104 894 manifesto
1135 829 1257 895 alludet
1287 831 1326 896 ud
1355 803 1460 896 locum
1490 831 1553 895 Lu-

367 932 541 996 cretianum
566 931 593 994 V
616 931 658 996 92
681 949 764 1013 sqq.:

572 1032 711 1101 principio
730 1033 818 1086 muria
837 1049 870 1086 ac
889 1039 978 1086 terrae
996 1036 1153 1102 caelumque
1170 1039 1262 1102 tuere;

573 1135 690 1188 quorum
708 1124 843 1173 naturum
861 1121 1004 1189 triplicem,
1023 1121 1082 1174 triu
1100 1135 1225 1190 corpore,
1244 1121 1364 1189 Memmi,

574 1206 625 1258 tris
642 1206 743 1273 specics
761 1211 818 1259 tum
838 1205 986 1271 dissimilis,
1006 1207 1063 1260 tria
1080 1208 1150 1260 iulia
1167 1213 1251 1273 teuta,

572 1308 630 1345 uua
648 1291 709 1346 dics
727 1291 803 1346 dubit
822 1293 914 1356 cultio,
934 1293 1085 1360 meritosque
1100 1309 1262 1361 percurres

573 1383 727 1432 sustentatu
745 1385 809 1433 ruet
827 1379 907 1432 uoles
926 1384 952 1432 et
969 1379 1097 1432 maehina
1114 1379 1219 1438 muudi.

368 1484 470 1530 nonne
493 1466 564 1530 inde
588 1466 726 1531 maxima
749 1485 820 1531 cum
843 1467 1029 1530 necessitate
1051 1466 1213 1550 colligitur
1236 1467 1284 1532 illi
1315 1485 1426 1549 poema
1455 1467 1547 1546 illud,

368 1588 428 1651 qno
457 1571 524 1634 tota
557 1569 702 1650 Epicurei
737 1569 933 1651 philosophia
966 1568 1158 1647 continetur,
1193 1571 1394 1635 notissimum
1428 1570 1550 1636 fnisse?

368 1691 479 1754 nempe
502 1670 633 1738 Ovidius
656 1671 795 1736 Lucretii
820 1673 959 1737 carmina
983 1673 1193 1739 celebraturus
1209 1677 1304 1756 atquo
1319 1672 1550 1756 significaturus

370 1797 406 1843 eu
428 1795 599 1858 numquam
621 1776 788 1841 interitura
811 1795 888 1852 esse,
921 1776 1120 1843 aeternitatis
1144 1777 1300 1842 notionem
1323 1778 1468 1843 adhihere
1489 1796 1551 1843 non

365 1881 481 1964 potuit,
505 1880 652 1962 quonium
675 1879 879 1963 philosophus
912 1883 1103 1958 contremo,
1134 1880 1188 1962 qui
1217 1885 1368 1946 mundum
1392 1884 1555 1946 aeternum

370 1985 435 2050 iore
458 1985 654 2062 consuerunt,
680 2001 753 2047 enm
776 1983 931 2065 qnondam
955 1984 1160 2048 interiturum
1183 2002 1249 2048 esse
1273 1983 1388 2049 docuit.

471 2086 562 2151 Alter
577 2087 662 2151 loous
678 2085 742 2150 ium
758 2104 776 2150 u
791 2087 951 2169 Zingerleo
968 2086 1116 2153 laudatus
1132 2089 1218 2152 extat
1230 2087 1325 2152 Trist.
1350 2089 1381 2152 H
1405 2086 1473 2150 425
1496 2105 1555 2169 sq„

369 2189 423 2255 ubi
445 2190 524 2254 haec
547 2189 709 2270 leguntur:

574 2292 694 2360 conplicat
710 2296 742 2344 ut
760 2307 857 2344 cousus
874 2291 970 2359 rapidi
989 2291 1137 2346 Lucretius
1155 2293 1238 2361 tuuis,

626 2393 805 2446 casurumque
824 2378 926 2445 tripteu
944 2379 1115 2432 vaticinetur
1132 2393 1209 2446 opus.

369 2484 405 2530 ao
428 2466 466 2530 do
489 2465 590 2548 priore
614 2483 705 2529 versu
730 2465 822 2528 huius
858 2465 995 2542 distichi,
1020 2484 1079 2547 quo
1110 2485 1203 2530 sensu
1232 2465 1314 2548 ignis
1343 2466 1397 2530 ille
1427 2466 1555 2549 rupidus

373 2569 570 2651 accipiendus
586 2569 637 2644 sit,
654 2571 764 2650 postea
776 2567 962 2651 videbimus,
980 2586 1050 2633 eum
1065 2570 1103 2632 de
1119 2567 1380 2632 similitudinibus
1392 2565 1556 2634 Ovidiunis

369 2670 509 2755 exiguis
533 2671 624 2737 vieo
647 2672 760 2736 natum
783 2672 894 2754 petitis
931 2672 1124 2755 disputaturi
1159 2690 1277 2735 sumus.
1313 2671 1364 2735 hic
1387 2672 1464 2736 sutis
1488 2675 1555 2737 esto

373 2778 411 2840 de
446 2792 537 2840 versu
571 2775 667 2839 altero
706 2777 799 2840 verbo
840 2792 1082 2839 commemorare
1117 2773 1264 2840 Ovidium
1298 2772 1402 2837 verbis
1430 2769 1556 2857 ‘triplex

367 2867 455 2960 opus‘
478 2877 630 2940 mundum
652 2876 838 2962 significare,
864 2896 957 2960 quem
980 2879 1137 2960 quondum
1168 2878 1372 2942 interiturum
1402 2896 1468 2942 esse
1492 2879 1555 2943 Lu·

369 2980 484 3044 cretius
506 2980 572 3045 loco
595 2999 690 3064 supra
718 2982 814 3046 allato
830 2982 1022 3046 vaticinatus
1039 2976 1095 3048 est.
1125 2984 1217 3064 utque
1235 3001 1307 3047 oum
1321 2981 1373 3047 hic
1389 2983 1553 3060 mundum,

371 3083 423 3166 qni
439 3102 455 3147 e
471 3082 572 3148 tribus
587 3085 711 3149 constet
725 3085 877 3166 pertibus,
907 3085 989 3150 caelo
1006 3090 1089 3149 terre
1104 3086 1195 3162 mari,
1212 3080 1381 3167 ‘triplicem
1397 3086 1554 3166 naturam,

371 3187 432 3251 triu
455 3204 592 3270 corpore,
616 3188 679 3251 tres
702 3187 829 3270 species,
856 3187 916 3253 triu
932 3187 1028 3253 texta'
1050 3192 1150 3268 vocet,
1175 3187 1323 3254 Ovidium
1339 3188 1422 3254 hanc
1437 3189 1554 3272 tripar-

370 3289 465 3355 titam
488 3289 598 3355 mnndi
622 3294 764 3355 naturam
791 3291 907 3375 optime
923 3293 1027 3357 verbis
1044 3293 1109 3357 illis
1124 3291 1250 3374 ‘triplex
1266 3281 1352 3375 opus'
1370 3293 1554 3375 expressisse

371 3394 445 3460 solis
466 3394 537 3460 luce
561 3393 673 3461 clarius
699 3396 755 3458 est.
1276 3462 1279 3469 ,

472 3497 531 3564 Sed
554 3497 707 3562 accedunt
729 3498 792 3562 alia
816 3517 877 3563 non
901 3497 1006 3562 minus
1028 3499 1137 3581 gravia
1160 3503 1356 3582 argumenta,
1381 3517 1417 3562 ex
1440 3497 1553 3580 quibus

369 3601 518 3668 Ovidium
541 3600 721 3665 Lucretium
745 3601 915 3686 diligenter
931 3600 1124 3666 lectitavisse
1140 3599 1388 3665 luculentissime
1415 3603 1553 3683 adparet.

369 3721 498 3788 possum
520 3703 603 3767 enim
626 3703 729 3768 locum
752 3703 885 3787 adferre,
909 3704 963 3768 ubi
986 3707 1095 3790 poetup
1116 3705 1173 3768 etsi
1196 3703 1333 3768 Lucretii
1356 3721 1471 3767 nomen
1494 3722 1554 3768 non

368 3810 533 3884 memorat,
557 3810 662 3871 tamen
686 3825 757 3872 oum
780 3809 934 3890 respicere
957 3806 1092 3891 videtur,
1124 3826 1197 3871 cum
1220 3807 1254 3871 in
1277 3807 1460 3871 universum
1491 3825 1552 3884 eos,

371 3911 424 3992 qni
446 3910 550 3974 studia
572 3928 628 3974 suu
650 3912 683 3974 in
707 3930 811 3974 rerum
827 3910 1012 3976 caelestium
1029 3909 1294 3993 contomplatione
1310 3910 1552 3980 collocaverunt.

369 4013 474 4078 felices
486 4013 653 4096 praedicet.
669 4014 701 4077 in
718 4014 881 4079 Fastorum
897 4013 980 4078 onim
996 4011 1018 4077 l.
1034 4013 1050 4076 Ι
1067 4033 1115 4078 vv.
1133 4012 1196 4077 295
1213 4031 1278 4095 sqq.
1302 4012 1431 4089 Ovidius
1448 4013 1552 4079 Nonas

363 4116 583 4182 celebraturus
607 4117 665 4182 hac
688 4117 845 4182 exorditur
868 4116 1013 4182 sollemni
1035 4116 1170 4182 ratione:

423 4207 426 4212 ³
575 4219 642 4287 quid
660 4223 734 4274 uctut
751 4224 777 4273 et
794 4221 895 4284 stelles,
913 4225 944 4273 ut
962 4235 1085 4288 quaeque
1103 4219 1246 4286 oriturque
1265 4217 1398 4287 caditque,

627 4303 740 4358 dicere?
753 4307 884 4373 promissi
901 4321 970 4373 pars
987 4307 1022 4359 sit
1041 4311 1067 4360 et
1084 4307 1138 4359 istu
1156 4306 1215 4358 mei.

575 4389 669 4464 felices
687 4392 803 4456 animae,
823 4393 921 4460 quihus
939 4394 1004 4447 leuce
1021 4408 1179 4462 coyuoecere
1194 4393 1293 4460 primis
1356 4443 1358 4448 .

627 4482 709 4546 tuque
728 4479 819 4534 deuios
837 4496 951 4547 superus
968 4479 1101 4534 scandere
1119 4497 1188 4534 euru
1204 4480 1280 4544 fuit!
