3366 5132
844 512 1055 576 -7ss-

562 704 652 752 cetera
670 698 784 752 dirersis
803 699 882 752 lellus
900 701 1034 752 animalia
1053 702 1149 766 formis

560 791 657 852 sponte
675 800 726 837 sna
740 785 858 852 peperit,
875 791 1019 854 postquam
1037 793 1113 841 aetas
1131 802 1210 842 uanior
1228 787 1262 840 ab
1280 789 1343 856 iqne
1419 790 1429 814 '

560 871 700 938 psercaluit
718 872 788 936 solis,
808 888 977 940 coeiiumqne
996 873 1121 942 anaeque
1136 873 1256 942 palntes

562 959 715 1011 intumuere
734 963 817 1022 aestu,
836 957 1009 1027 faciendoque
1026 961 1131 1013 semina
1148 977 1250 1022 rernm,

486 1046 547 1098 420
564 1045 652 1098 *uiuaci
669 1047 779 1098 nutrito
797 1044 861 1109 solo,
881 1061 930 1098 cen
948 1047 1043 1098 aratris
1061 1047 1091 1099 in
1110 1048 1178 1112 alno,

560 1138 705 1186 creuerunt
723 1133 873 1200 (aciemque
892 1133 1013 1200 aliquam
1031 1148 1125 1201 cepere
1144 1133 1286 1188 morando.

559 1218 664 1271 sicubi
683 1217 805 1272 deseruit
822 1217 947 1272 rnoclirlos
965 1220 1140 1286 septemfluus
1158 1237 1237 1290 apros

559 1304 641 1358 Nilne
660 1310 684 1356 et
703 1307 818 1372 antiquo
836 1321 889 1358 suo
908 1305 1025 1372 turnino
1043 1306 1168 1361 reddidit
1186 1309 1269 1371 alueo,

562 1391 736 1458 aetherioque
754 1406 848 1445 recens
866 1393 971 1444 exarsit
988 1392 1079 1446 sidere
1098 1393 1186 1459 limus,

483 1477 542 1528 425
558 1477 684 1542 plurimo
705 1477 824 1530 cultores
841 1477 926 1530 mersis
945 1479 1079 1531 amimalia
1098 1480 1200 1547 qlaebis

562 1563 717 1625 inueniunt,
738 1569 764 1616 et
781 1564 812 1616 in
829 1564 871 1616 lm's
891 1563 1024 1631 quaedam
1042 1564 1120 1620 inodo
1138 1572 1232 1634 coepto
1251 1565 1301 1619 sub
1318 1566 1408 1634 ipsum

561 1648 693 1702 nascendi
709 1650 840 1717 spatium,
858 1649 993 1717 quaedam
1009 1651 1168 1718 inperfecto
1184 1653 1294 1720 suisque

561 1741 661 1789 trunca
678 1735 799 1789 uident
818 1738 947 1801 numeris,
966 1743 992 1790 et
1010 1737 1103 1790 eodem
1120 1739 1152 1792 in
1171 1753 1284 1805 corpore
1302 1753 1383 1806 saepe

560 1823 651 1876 altera
666 1839 736 1890 pars
754 1823 829 1888 oioit,
848 1823 927 1876 rmum
945 1828 984 1876 est
998 1839 1067 1890 pars
1085 1825 1175 1878 altera
1193 1824 1282 1878 tellus.

483 1911 541 1964 430
558 1910 684 1978 quippe
703 1910 751 1963 nbi
769 1911 923 1976 temperiem
940 1925 1079 1977 sumpsere
1098 1926 1229 1978 umorque
1247 1911 1385 1978 calorque,

562 1996 728 2061 concipiunt,
749 2001 772 2048 et
792 1997 825 2049 ab
844 1997 886 2049 bis
905 1997 1037 2049 oriuntur·
1055 2002 1155 2051 cuncto
1173 1997 1287 2050 dnobus.

561 2097 675 2149 cumque
693 2083 729 2135 sit
748 2083 821 2151 iqnis
840 2099 928 2150 oquae
943 2099 1068 2152 puqnmr,
1086 2099 1174 2150 oopor
1191 2084 1302 2138 umidus
1320 2099 1412 2137 ontnes

560 2184 603 2221 res
621 2174 704 2234 creat,
723 2175 748 2222 et
766 2169 869 2222 discors
888 2170 1036 2223 concordia
1054 2171 1157 2236 fetibus
1175 2177 1244 2238 opta
1262 2177 1308 2224 est.

560 2269 623 2323 erqo
643 2255 690 2307 ubi
709 2255 811 2308 diluuio
830 2257 911 2308 tellus
930 2256 1070 2310 lutulento
1088 2257 1192 2310 recenti

487 2343 542 2394 435
559 2340 660 2394 solibus
679 2342 807 2396 aetheriis
825 2343 931 2410 altoque
949 2342 1095 2395 recanduit
1114 2347 1200 2405 aestu,

560 2427 646 2481 edidit
664 2429 826 2482 innumeras
844 2430 953 2496 species,
969 2430 1126 2497 partimque
1144 2429 1248 2499 fiquras

560 2515 668 2568 rettulit
686 2517 824 2583 antiquos,
840 2517 945 2582 partim
963 2531 1033 2569 noca
1052 2521 1175 2569 monstro
1194 2516 1305 2570 cruorit.

349 2621 418 2686 iam
443 2620 630 2702 quicumque
655 2620 851 2703 aliquantum
876 2623 908 2684 in
930 2621 1070 2686 Lucretii
1093 2621 1283 2685 carminibus
1311 2621 1452 2686 versatus
1483 2624 1540 2696 est,

353 2724 433 2789 bene
457 2723 618 2807 cognitum
635 2723 741 2802 babet,
758 2742 829 2788 eum
846 2743 906 2788 non
922 2743 983 2788 uno
999 2725 1077 2801 loco,
1101 2725 1154 2789 sed
1172 2723 1380 2789 multifariam
1396 2724 1540 2798 eandem,

350 2844 448 2908 quam
472 2844 568 2907 supra
591 2825 725 2909 legimus
740 2828 938 2908 sententiam,
963 2823 1143 2910 exprimere,
1168 2847 1203 2892 ex
1220 2847 1280 2910 qua
1295 2828 1411 2892 terram
1436 2827 1539 2892 omnia

352 2929 540 2995 animalium
564 2947 675 3010 genera
697 2949 875 3013 procreasse
892 2939 924 2996 et
940 2933 1066 2997 omnino
1082 2933 1222 2996 omnium
1237 2949 1341 2995 rerum
1358 2932 1539 2996 creatricem

354 3051 419 3096 esse
442 3033 618 3109 contendit,
654 3034 691 3096 ut
713 3053 782 3097 eam
806 3037 941 3099 matrem
975 3035 1160 3100 animalium
1183 3035 1285 3099 dicere
1319 3052 1381 3099 nun
1404 3035 1536 3099 dubitet.

352 3135 403 3200 his
428 3134 525 3217 igitur
543 3137 723 3217 praemissis
746 3137 811 3202 iam
835 3137 917 3203 locos
941 3137 1155 3214 Lucretianos,
1179 3156 1255 3220 quos
1276 3137 1309 3202 in
1326 3137 1383 3201 bac
1400 3136 1538 3220 descrip-

353 3240 439 3304 tione
463 3241 674 3321 componenda
696 3243 832 3322 respexit
849 3239 987 3325 Ovidius,
1013 3243 1233 3307 examinemus.
1258 3260 1293 3306 ac
1309 3241 1447 3323 primurn
1471 3243 1540 3324 qui·

351 3343 425 3407 dem
448 3361 577 3425 agamus
600 3346 636 3408 de
660 3343 726 3407 loco
748 3343 780 3408 Π
803 3345 867 3410 865
891 3363 968 3429 sqq,
992 3363 1050 3428 quo
1075 3344 1238 3410 Lucretius
1262 3363 1311 3408 res
1334 3329 1499 3409 sensibiles
1523 3364 1539 3409 a

353 3445 517 3529 principiis
551 3447 637 3512 nullo
671 3466 796 3529 prorsus
831 3467 922 3514 sensu
956 3449 1107 3533 praeditis
1142 3451 1285 3532 componi
1317 3466 1407 3530 posse
1438 3450 1537 3514 docet.

355 3549 529 3615 ‘latendum
552 3549 608 3614 est’
631 3549 736 3634 inquit
758 3547 874 3617 ‘omnes
898 3572 957 3631 res,
983 3572 1061 3635 qnae
1085 3571 1211 3617 sensum
1239 3552 1367 3629 babent,
1397 3552 1538 3634 componi

352 3671 392 3716 ex
409 3651 646 3717 insensibilibus
661 3653 835 3739 principiis,
852 3674 951 3737 neque
966 3655 1048 3720 ullae
1063 3674 1122 3730 res,
1140 3673 1217 3737 quse
1233 3655 1355 3719 nostrae
1371 3655 1538 3736 cognitioni

353 3756 529 3837 subiacent,
553 3756 635 3821 bans
658 3758 770 3822 contra
786 3759 975 3822 sententiam
994 3761 1144 3841 pugnant,
1160 3757 1256 3822 immo
1270 3775 1323 3823 nos
1340 3777 1434 3823 mauu
1451 3761 1537 3841 quasi

352 3860 476 3923 ducunt
498 3858 579 3923 banc
603 3861 641 3924 ad
665 3860 840 3943 opinionem
865 3867 912 3926 et:

973 3980 1081 4033 credere
1099 3985 1197 4050 coqnnt

560 4081 595 4118 en
613 4065 797 4128 insensilibus,
816 4066 888 4134 quoi
907 4065 973 4130 dico,
993 4065 1129 4118 animalia
1147 4067 1231 4135 qiqni.

561 4151 691 4218 quippe
709 4150 831 4204 ridere
850 4153 913 4206 lieet
931 4155 1003 4212 oinos
1021 4153 1134 4204 existere
1152 4168 1253 4206 uermes

559 4242 680 4290 stercore
698 4237 732 4290 cte
751 4243 847 4302 taetro,
864 4245 992 4306 putorem
1013 4254 1074 4292 cunc
1091 4239 1143 4291 sibi
1160 4243 1242 4291 nacta
1260 4244 1299 4292 est

561 4325 757 4390 intempestivis
776 4341 809 4378 err
827 4325 958 4378 imbribus
976 4323 1073 4378 mucida
1091 4325 1178 4378 tellus.

350 4446 414 4511 quo
438 4429 506 4494 loco
531 4448 602 4494 cum
627 4427 730 4492 Ovidii
754 4429 962 4512 descriptione
992 4447 1086 4512 supra
1120 4429 1279 4513 proposita
1312 4432 1423 4495 collato
1457 4433 1537 4494 certe

352 4531 445 4596 huius
479 4532 614 4596 imitatio
648 4537 758 4612 sponte
792 4533 980 4614 coarguitur.
1019 4551 1090 4597 nam
1122 4537 1265 4616 apertum
1299 4537 1346 4598 est
1370 4535 1536 4615 utrumque
