3366 5132
639 541 849 605 „39-

253 729 386 795 Prorsus
410 733 520 796 eadem
538 733 585 794 est
602 731 740 794 condicio
758 728 979 794 similitudinis
995 729 1257 796 odoramenta.
1272 731 1337 797 XII

149 833 212 900 276
237 854 315 918 sqq,
338 833 393 901 uhi
415 835 445 899 in
470 852 576 918 pugna
600 834 656 898 illa
679 833 912 899 Centaurorum.
930 835 962 898 et
976 833 1181 917 Lapitharum
1197 833 1336 900 Rhoetus

148 937 252 1002 medio
276 957 313 1003 ex
337 938 430 1002 alteri
453 956 604 1020 magnum
623 936 767 1020 stipitem
782 937 943 1004 ardentem
959 938 1073 1002 tollens
1090 941 1199 1004 dextra
1213 957 1232 1004 a
1247 939 1337 1021 parto

149 1041 284 1108 Charaxi
307 1043 448 1123 tempora
469 1039 648 1125 perfringit,
672 1041 760 1106 cuius
783 1041 910 1124 sanguis
935 1041 1063 1105 vulnere
1087 1041 1226 1107 inustus:

354 1162 504 1216 terribilem
521 1162 639 1216 stridore
656 1178 754 1216 sonum
772 1162 857 1226 dedit,
877 1168 908 1216 ut
928 1163 995 1216 darc
1012 1162 1121 1228 ferrum

354 1249 419 1317 igne
437 1246 541 1301 rubens
556 1248 719 1316 plerumque
737 1248 810 1312 sodet,
830 1247 905 1316 quod
922 1247 1030 1314 forcipe
1049 1263 1135 1302 curua

356 1349 417 1386 cum
433 1331 513 1397 salter
532 1333 636 1395 eduxit.
655 1333 769 1388 lacubus
788 1333 921 1387 demittit:
939 1332 1057 1386 utillud

353 1419 453 1473 stridet
470 1424 496 1473 et
513 1419 544 1472 iu
562 1419 656 1488 tepida
673 1421 841 1474 submersum
858 1421 952 1474 sibilat
970 1418 1054 1473 ιιιιάσ.

251 1541 312 1608 Sed
333 1561 501 1626 pergamus
525 1544 564 1607 ad
594 1559 644 1606 eas
675 1542 901 1609 similitudines
931 1542 1187 1626 investigandas,
1219 1542 1333 1625 quibus

148 1645 358 1730 navigationis
381 1645 485 1729 imago
509 1645 650 1711 subiecta
673 1647 730 1711 est.
756 1665 890 1728 quarum
912 1645 993 1712 ratio
1017 1644 1100 1728 apud
1117 1644 1265 1711 Ovidium
1286 1647 1334 1711 ita

149 1752 196 1816 est
217 1750 382 1828 instituta,
417 1751 453 1812 nt
475 1748 516 1828 ii,
550 1749 604 1831 qui
628 1767 719 1814 curro
742 1749 915 1832 vehuntur,
951 1748 1160 1834 navigationis
1195 1750 1334 1834 imagine

149 1853 358 1920 illustrentur.
381 1853 481 1917 veluti
503 1852 707 1919 Phadthontis
729 1853 790 1919 iter
813 1853 890 1920 Met.
905 1854 936 1918 11
961 1854 1023 1918 184
1045 1872 1111 1935 sqq.
1134 1854 1333 1935 comparatur

149 1958 221 2022 navi
245 1957 389 2040 aquilone
411 1956 573 2039 impulsae,
597 1957 648 2022 cui
671 1960 771 2021 rector
792 1958 941 2041 permisit
963 1957 1225 2040 gubernaculum:

667 2115 675 2129 .
704 2114 710 2126 .
739 2114 744 2126 .
767 2076 808 2130 itu
824 2077 925 2141 fertur,
944 2083 974 2130 ut
994 2081 1058 2130 acta

349 2163 500 2232 praecipiti
516 2165 602 2231 pirrus
620 2164 711 2229 borea,
732 2164 779 2217 cui
796 2165 869 2218 aicta
886 2164 990 2217 remisit

351 2248 436 2315 frena
453 2264 520 2303 suus
537 2255 634 2314 rector,
653 2247 796 2318 quamdis
814 2251 935 2318 uotisque
954 2249 1075 2318 reliquit.

149 2353 345 2420 continuatio
368 2353 515 2437 imaginis
538 2373 554 2418 e
577 2353 778 2435 navigatione
808 2357 1008 2438 depromptae
1036 2353 1180 2419 solicitus
1207 2372 1330 2437 compa-

148 2459 266 2524 ratione
290 2457 419 2543 aurigae
442 2475 514 2522 cum
537 2459 745 2542 gubernatore
766 2457 800 2522 in
823 2458 899 2522 Met.
924 2458 970 2522 VI
992 2457 1054 2522 231
1079 2475 1156 2540 sqq„
1176 2457 1230 2541 qni
1245 2457 1331 2523 locus

148 2563 184 2639 ei,
201 2581 295 2645 quem
307 2564 399 2627 modo
415 2562 571 2644 proposui,
588 2560 769 2625 simillimus
785 2561 842 2628 est.
865 2560 992 2645 Sipylus
1009 2560 1092 2625 enim
1108 2560 1191 2624 filius
1206 2559 1328 2625 Niobae

146 2665 245 2730 fratre
266 2666 393 2730 Ismeno
416 2665 572 2748 Apollinis
595 2665 715 2749 sagitta
738 2667 869 2731 traiecto
891 2666 990 2730 telum
1006 2667 1055 2730 dei
1073 2663 1223 2748 effugiens
1241 2664 1329 2746 equis

144 2768 283 2835 habenas
307 2769 459 2835 remittit:

558 2889 644 2944 ueluti
661 2905 723 2943 cum
738 2891 884 2958 praescius
901 2890 999 2944 imbres

351 2975 422 3028 nube
440 2975 514 3044 sugit
532 2976 591 3029 aisa
605 2975 813 3045 pendentiaque
831 2975 956 3044 undique
974 2982 1064 3030 rector

351 3062 468 3114 carbasa
486 3061 605 3128 deducit,
624 3079 659 3115 ne
677 3079 733 3130 qua
751 3063 816 3116 leuis
833 3062 932 3129 effluat
951 3078 1029 3116 aura.

144 3164 221 3229 haec
243 3164 341 3242 igitur·
365 3166 453 3229 navis
476 3185 547 3230 cum
570 3164 713 3231 curribus
737 3167 930 3250 comparatio
953 3169 1016 3234 ium
1046 3168 1129 3250 apud
1156 3169 1329 3234 Homerum

144 3267 260 3352 legitur
282 3265 340 3333 Od.
363 3290 382 3334 ν
405 3270 445 3333 81
470 3289 536 3352 sqq.

351 3388 369 3452 ἡ
390 3389 422 3452 δ’,
441 3389 511 3442 ὥστ’
530 3391 561 3442 ἐν
579 3389 668 3458 πεδίῳ
689 3391 841 3458 τετράοροι
861 3391 980 3458 άρσενες
998 3391 1087 3456 ἵπποι,

349 3473 455 3537 πάντες
473 3475 520 3539 ἅμ’
539 3476 713 3544 ὁρμηθέντες
731 3478 788 3530 ὑπὸ
806 3478 950 3545 πληγῇσιν
969 3475 1115 3543 ἱμάσθλης,

349 3561 436 3625 ὑψόσ’
454 3561 616 3628 ἀειρόμενοι
633 3562 724 3630 ῥίμφα
742 3563 903 3631 πρήσσουσι
922 3563 1066 3626 κέλευθον,

351 3646 390 3710 ὣς
408 3646 464 3713 ἄρα
482 3651 534 3714 τῆς
551 3649 665 3716 πρύμνη
687 3650 738 3714 μὲν
757 3649 880 3718 ἀείρετο,
899 3654 975 3715 κῠμα
994 3649 1018 3702 δ’
1037 3650 1156 3704 ὄπισθεν

349 3735 517 3804 πορφύρεον
536 3736 609 3801 μέγα
628 3739 679 3790 θθε
698 3736 921 3805 πολυφλοίσβοιο
941 3738 1099 3803 θαλάσσης·

144 3873 202 3937 quo
226 3874 300 3921 eum
323 3856 391 3924 loco
407 3858 545 3922 conteras
561 3877 669 3923 versus
686 3859 885 3943 Vergilianas
902 3861 980 3924 Aen.
998 3859 1026 3923 V
1045 3858 1106 3924 144
1121 3877 1198 3942 sqq,
1214 3858 1329 3942 quibus

145 3959 235 4024 Maro
258 3961 386 4026 navium
410 3961 604 4027 celeritatem
626 3963 660 4034 in
683 3964 854 4028 certamine
877 3963 983 4030 navali
1005 3963 1185 4047 descripsit:

348 4095 406 4137 uon
422 4085 479 4134 tam
494 4081 664 4148 praecipites
681 4082 774 4152 biiugo
793 4083 941 4136 certamine
960 4098 1086 4150 campum

348 4167 507 4234 corripuere
524 4172 666 4236 ruuntque
685 4169 766 4234 effusi
783 4183 891 4222 carcere
910 4184 1018 4232 currus,

349 4267 399 4306 nec
416 4255 456 4306 sic
473 4254 601 4308 immissis
620 4256 736 4324 antipae
753 4255 894 4309 undantia
914 4256 973 4309 lora

348 4354 506 4394 coricussere
525 4342 593 4411 iupis
607 4344 746 4410 pronique
764 4343 795 4395 in
813 4342 925 4396 vertera
937 4342 1071 4410 pendent.

143 4460 242 4525 neque
262 4441 419 4527 discrepat
441 4445 481 4511 ab
506 4446 563 4511 hac
580 4447 787 4531 navigationis
802 4449 939 4532 imagine
955 4467 991 4513 ea
1006 4448 1181 4527 translatio,
1205 4467 1241 4514 ex
1265 4468 1327 4532 qua

143 4561 239 4620 naves
263 4545 359 4612 maris
382 4548 453 4629 equi
476 4549 673 4630 appellantur
696 4549 752 4614 Od.
777 4555 795 4615 o
820 4548 881 4614 707
905 4569 986 4633 sqq:
1096 4591 1099 4596 -
