3370 5134
824 589 882 597 ·-
931 551 990 616 148
1037 589 1076 600 —

471 735 579 821 Neque
602 739 766 822 quicquam
789 739 904 803 certius
927 739 1022 804 statui
1053 741 1158 822 potest
1185 742 1222 805 do
1244 738 1349 805 Ovidii
1373 738 1511 823 imagine
1535 760 1554 804 e

365 839 476 923 glaciei
505 840 679 925 fragilitate
708 845 906 926 deprompta,
937 861 997 924 qua
1021 843 1060 910 A.
1084 841 1121 906 A.
1152 842 1167 906 I
1198 843 1261 908 374
1289 843 1369 908 iram
1399 842 1484 910 hunc
1517 845 1550 908 in

365 945 492 1008 modum
515 943 704 1010 illustravit:

623 1054 656 1102 at
672 1047 781 1120 fragilla
796 1049 901 1119 9111111,
920 1050 1017 1104 tatertt
1034 1049 1080 1103 ira
1097 1065 1182 1103 mora.

365 1152 453 1216 cuins
475 1143 631 1234 imaginis
646 1154 824 1236 exemplum
847 1155 930 1234 apud
955 1154 1112 1219 neminem
1143 1153 1248 1219 inveni
1276 1155 1335 1219 nisi
1367 1157 1449 1238 apud
1473 1154 1552 1219 Ver-

363 1253 476 1337 gilium
500 1255 578 1320 Aen.
602 1254 663 1319 XII
687 1255 751 1321 740
773 1275 829 1338 eq,
855 1275 914 1339 quo
938 1258 1005 1321 loco
1028 1257 1127 1321 Turni
1151 1256 1289 1341 gladius:

775 1376 877 1444 glacies
895 1392 944 1431 cca
960 1376 1066 1442 [1111111
1083 1378 1140 1430 tcta

570 1461 705 1526 diaalait3
722 1461 802 1527 salva
819 1461 998 1531 resplendent
1015 1463 1156 1533 fragmina
1172 1465 1287 1517 lrarcaa.
1367 1525 1370 1530 ¹

469 1567 644 1650 Aliquanto
666 1567 822 1649 apertiora
843 1566 1030 1632 imitationis
1053 1568 1253 1651 Vergilianae
1284 1569 1417 1650 vestigia
1439 1570 1548 1653 depre-

365 1669 544 1736 henduntur
566 1672 598 1735 in
622 1688 658 1734 ea
681 1668 785 1734 Ovidii
807 1669 955 1753 imagine,
980 1689 1040 1752 qua
1062 1689 1099 1734 en
1121 1671 1156 1737 P.
1180 1670 1197 1736 Ι
1222 1673 1249 1749 1,
1275 1672 1314 1736 71
1338 1690 1383 1754 sq.
1408 1674 1548 1738 animum

363 1792 466 1854 suum,
491 1776 543 1857 qui
566 1776 597 1840 in
622 1772 714 1839 exilio
737 1774 869 1838 assiduis
887 1774 1133 1840 sollicitudinum
1149 1775 1301 1840 morsibus
1318 1775 1549 1854 conficiebatur,

364 1878 424 1944 hac
446 1878 566 1944 ratione
588 1877 778 1944 illustravit:

570 1997 680 2052 roditur
698 2003 730 2051 at
748 1997 845 2051 scabra
858 1998 981 2065 positam
999 1999 1125 2068 rubigine
1142 1998 1257 2064 ferram,

567 2152 607 2205 otc
625 2167 684 2204 mea
698 2158 851 2221 perpetuos
869 2169 1001 2207 cararum
1019 2159 1131 2221 pectora
1149 2169 1263 2220 sameas,

620 2239 677 2304 fiac
695 2239 793 2307 quibas
810 2239 887 2292 stulto
905 2239 1094 2305 conficiantur,
1112 2240 1219 2294 babeat.

365 2363 458 2427 quam
480 2343 653 2429 imaginem
676 2343 740 2408 iam
775 2362 867 2425 supra
890 2347 933 2425 (p.
958 2344 1000 2408 69
1023 2347 1100 2427 sqq.)
1125 2344 1284 2408 illustravi
1307 2344 1448 2409 Lucretii
1482 2343 1549 2409 loco
1667 2365 1668 2418 t

362 2447 465 2513 1312
488 2465 554 2529 sqq.
579 2447 685 2525 allato,
710 2465 900 2528 quamquam
924 2445 1006 2529 inter
1028 2448 1111 2512 hunc
1134 2450 1165 2513 et
1188 2447 1279 2512 illum
1302 2448 1405 2513 locum
1429 2447 1460 2513 id
1483 2448 1545 2512 dis-

363 2553 478 2616 crimen
494 2551 667 2628 intercedit,
699 2550 779 2632 quod
802 2549 970 2614 Lucretius
994 2549 1032 2614 de
1055 2551 1135 2615 ferro
1159 2569 1217 2614 usu
1242 2550 1327 2629 trito,
1362 2548 1492 2617 Ovidius
1511 2553 1548 2616 de

363 2655 443 2720 ferro
458 2656 601 2738 rubigine
618 2672 723 2719 arroso
745 2653 895 2736 loquitur.
920 2671 1012 2735 quam
1036 2655 1074 2718 ob
1098 2673 1163 2718 rem
1187 2655 1225 2718 ad
1250 2652 1355 2719 Ovidii
1378 2656 1546 2740 imaginem

363 2760 489 2842 propius
508 2760 662 2824 accedunt
685 2775 730 2839 ea,
754 2775 833 2840 quae
857 2756 949 2840 Verg.
974 2756 1087 2839 Georg.
1110 2756 1144 2821 ΙΙ
1166 2758 1231 2822 220
1252 2757 1363 2822 habet:

484 2937 487 2942 .
570 2893 619 2933 aea
636 2877 725 2932 scabre
743 2883 768 2932 ct
786 2879 860 2931 eatsa
879 2876 964 2931 laedit
983 2877 1107 2947 robigine
1123 2878 1238 2944 serram.

363 2984 472 3048 eadem
503 2984 607 3066 imago
639 2985 805 3047 coniuncta
842 3001 913 3047 cum
949 2983 1048 3048 altera
1083 2982 1119 3046 de
1154 2984 1253 3066 guttis
1283 3001 1380 3065 aquae
1409 2983 1545 3064 lapidem
1666 3003 1667 3046 t

363 3087 545 3154 cavantibus
568 3088 684 3170 legitur
708 3087 789 3169 apud
813 3086 1010 3170 Propertium
1033 3087 1143 3166 1125,
1170 3087 1209 3152 15
1232 3105 1276 3168 sq.
1301 3087 1357 3154 B.:

568 3204 616 3260 ted
634 3211 726 3260 tamea
744 3205 886 3260 obsistam:
904 3208 1005 3260 teritur
1022 3207 1151 3276 rabc'ptae
1169 3221 1262 3260 macro

619 3293 730 3358 terreae
747 3298 772 3346 ct
786 3308 877 3361 porco
895 3309 977 3361 caepe
994 3293 1101 3362 liquore
1119 3291 1197 3346 silex.

362 3401 416 3464 sed
440 3397 570 3464 Ovidius
594 3398 660 3462 sine
683 3397 777 3462 dubio
802 3417 834 3462 se
858 3396 897 3462 ad
913 3397 1088 3476 Vergilium
1112 3395 1293 3479 adplicavit,
1318 3395 1351 3459 id
1376 3396 1545 3480 quodiam

361 3493 398 3566 en
426 3520 476 3585 eo,
515 3503 596 3584 quod
624 3502 706 3584 apud
741 3503 909 3584 utrumque
939 3503 1047 3566 eadem
1082 3501 1177 3566 verba
1205 3501 1237 3564 in
1267 3517 1375 3564 versus
1405 3499 1545 3565 clausula
1665 3589 1666 3594 ἵ

362 3607 480 3688 entant,
504 3603 756 3690 intellegitur.³⁴)
1665 3599 1666 3622 ³

464 3709 646 3793 Imaginum
668 3712 706 3775 ad
728 3728 795 3773 rem
819 3709 988 3774 militarem
1019 3705 1245 3791 pertinentium
1268 3709 1330 3773 dno
1365 3725 1480 3790 genera
1511 3707 1543 3771 in

363 3815 421 3880 hac
443 3813 672 3879 dissertationis
694 3815 785 3896 parte
808 3812 1021 3877 discernamus
1044 3829 1169 3877 necesse
1193 3813 1251 3897 eet,
1282 3828 1415 3895 quorum
1443 3811 1543 3894 priore

361 3919 444 3985 saxis
468 3916 633 3984 tormentis
656 3918 792 3982 excussis
819 3915 1026 3994 vehementia,
1055 3935 1117 3999 qua
1148 3914 1223 3997 qnid
1252 3914 1299 3995 fit,
1328 3915 1541 3981 adumbratur.

360 4024 406 4088 ila
428 4022 508 4105 apud
532 4019 680 4086 Ovidium
702 4020 777 4084 Met.
802 4020 932 4085 111217
957 4037 1003 4101 sq.
1022 4019 1175 4084 Hercules
1198 4019 1337 4098 Licham,
1360 4019 1415 4101 qui
1437 4014 1541 4084 Alaidi

361 4126 491 4191 fatalem
514 4125 605 4190 illam
627 4128 749 4190 vestem
773 4123 941 4188 attulerat:

779 4280 786 4294 .
830 4280 838 4297 .
877 4248 971 4310 terque
989 4248 1140 4311 quaterque
1156 4247 1277 4296 rotatum

564 4331 648 4385 mtrtb
665 4331 697 4383 ta
714 4329 853 4383 Eubot'cas
871 4335 1003 4382 toroccato
1020 4329 1123 4395 fortias
1141 4327 1240 4382 auctas.

361 4450 564 4460 ——-—--—-—-

463 4505 495 4571 ³⁴)
514 4503 554 4558 Cf.
574 4518 679 4572 qnoque
697 4501 797 4556 Catull.
817 4500 935 4555 LXVIII
957 4507 1020 4553 lot:

565 4606 600 4643 ac
618 4595 739 4643 vostram
757 4589 880 4642 scabra
898 4594 997 4656 tcaput
1015 4588 1177 4657 tuumne
1195 4603 1301 4640 nomen·
