3366 5132
831 517 1043 582 ..38-

343 708 375 769 et
396 704 477 786 apud
501 704 649 770 Ovidium
677 704 785 769 vultus
814 704 1070 786 Hermaphroditi
1097 704 1213 769 auditis
1245 703 1348 770 verbis
1372 705 1530 788 nymphae

343 807 529 873 Salmacidis
559 825 696 873 amorem
720 828 811 873 suum
835 807 1011 874 confitentis
1034 808 1150 892 pudore
1173 808 1311 874 suffusus
1335 812 1393 887 est,
1425 807 1528 890 qualis

344 911 393 974 est
415 911 497 976 color
520 910 617 976 ‘ebori
640 906 751 976 tincto’
773 911 852 976 Met.
865 913 911 977 IV
933 912 1006 977 332.
1031 915 1192 994 praeterea
1215 913 1325 978 eadem
1354 911 1527 978 similitudo

344 1031 408 1078 sess
423 1014 513 1079 offert
529 1015 603 1081 Am.
618 1014 650 1078 Π
665 1014 696 1095 5,
714 1016 756 1081 39
771 1034 827 1099 sq.,
851 1034 912 1098 qno
928 1015 996 1082 loco
1012 1020 1104 1100 poeta
1121 1016 1244 1098 puellae
1260 1017 1367 1100 cnlpae
1385 1015 1529 1080 consciae

344 1117 469 1183 vultum
505 1118 665 1200 sanguinis
699 1121 810 1184 rubore
845 1119 999 1185 suffusum
1035 1120 1159 1203 praeter
1192 1120 1270 1186 alias
1293 1122 1447 1204 imagines
1470 1119 1531 1185 hac

346 1240 465 1304 quoque
489 1222 612 1287 exornat
634 1221 858 1287 similitudine:

552 1347 603 1395 dut
621 1340 702 1409 quod,
721 1359 756 1395 ue
774 1341 863 1411 louqis
881 1343 1024 1403 flavescere
1039 1345 1128 1412 possit
1146 1344 1180 1398 ab
1198 1344 1288 1408 auum,
1315 1311 1318 1324 Ι

602 1430 732 1483 Maeonis
749 1429 895 1498 Assyrium
912 1428 1017 1494 suniae
1034 1431 1121 1484 tinuit
1140 1433 1216 1485 ebur.

451 1551 511 1617 Sed
533 1552 596 1617 iam
619 1553 658 1617 ad
681 1553 810 1616 Homeri
833 1553 947 1636 locum,
972 1572 1066 1635 quem
1082 1554 1229 1619 Ovidium
1253 1553 1422 1636 respexisse
1440 1551 1536 1617 facile

345 1654 470 1739 probari
480 1658 593 1737 potest,
605 1653 835 1739 aggrediamur.
848 1655 1039 1722 describitur
1050 1657 1134 1721 enim
1148 1657 1206 1726 Od.
1222 1681 1231 1722 ι
1247 1658 1308 1723 391
1326 1676 1403 1740 sqq„
1419 1674 1531 1739 quem·

347 1759 516 1824 admodum
537 1760 646 1825 Ulixes
681 1759 812 1843 eiusque
846 1760 921 1825 socii
955 1761 1134 1845 longurium
1164 1763 1252 1827 navis
1280 1764 1363 1827 malo
1393 1760 1531 1825 similem

347 1862 532 1944 Polyphemi
547 1863 580 1926 in
596 1862 722 1927 oculum
737 1862 905 1942 infixerint,
929 1864 983 1946 qui
999 1866 1127 1929 exustus
1142 1864 1258 1930 securis
1274 1863 1411 1929 fervidae
1427 1864 1531 1941 modo,

349 1984 443 2050 quam
465 1963 553 2031 faber
576 1966 608 2030 in
631 1984 745 2049 aquarn
767 1966 927 2047 immittit,
952 1968 1121 2034 stridebat:

555 2089 595 2151 ὼς
613 2088 638 2140 δ’
656 2089 698 2142 ὅτ’
717 2089 790 2157 ἀνὴρ
810 2091 930 2156 χαλκεὺς
947 2092 1069 2145 πέλεκυν
1089 2091 1180 2157 μέγαν
1199 2091 1233 2157 ἠὲ
1251 2090 1417 2158 σκέπαρνον

557 2172 599 2226 εἰν
617 2175 701 2227 ὕδατι
719 2181 824 2244 ψυχρῷ
845 2177 940 2245 βάπτῃ
961 2179 1069 2242 μεγάλα
1088 2177 1207 2244 ἰάχοντα

556 2261 751 2328 φαρμάσσων·
773 2263 881 2331 τὸγὰρ
901 2263 971 2318 αὖτε
991 2265 1109 2332 σιδήρου
1129 2281 1161 2330 γε
1181 2264 1285 2331 κράτος
1304 2261 1390 2317 ἐστίν.

350 2383 479 2448 eandem
502 2382 674 2468 imaginem
697 2383 841 2449 adhibuit
855 2385 1020 2451 Lucretius
1037 2385 1084 2449 VI
1103 2385 1164 2450 148
1187 2404 1245 2469 sq.,
1260 2386 1314 2451 ubi
1329 2383 1533 2467 philosophus

349 2485 484 2551 tonitms
500 2484 653 2569 originem
670 2486 755 2552 varie
771 2486 982 2570 explicaturus
997 2491 1121 2570 praeter
1137 2489 1214 2553 alias
1230 2487 1450 2570 explicationes
1471 2485 1533 2550 hac

351 2607 471 2671 quoque
499 2590 601 2655 utitur
630 2590 883 2656 ratiocinatione:
905 2585 952 2656 ‘fit
975 2591 1116 2673 quoqne',
1147 2591 1238 2656 docet
1268 2610 1296 2655 v.
1322 2590 1384 2655 145
1406 2608 1463 2674 sq.,
1487 2587 1533 2654 ‘ut

350 2692 470 2758 tulmen
499 2693 626 2778 igneum
654 2713 671 2758 e
701 2695 785 2759 nube
816 2712 985 2760 excussum
1007 2693 1042 2758 in
1065 2694 1181 2759 nubem
1204 2694 1334 2772 incidat,
1359 2711 1533 2776 quaecum

351 2797 453 2862 multo
474 2815 583 2861 umore
605 2797 752 2876 abundet,
775 2798 879 2881 ignem
905 2797 997 2862 illum
1020 2800 1182 2879 receptum
1205 2797 1347 2880 protinus
1363 2796 1537 2879 extinguit;

352 2904 445 2981 atque
467 2898 539 2964 inde
562 2900 662 2964 oritur
685 2901 794 2984 ingens
817 2883 960 2984 fragorz'

474 3085 477 3092 Ι
558 3024 591 3072 ut
609 3018 707 3072 calidus
724 3018 847 3073 caudeae
864 3019 971 3085 ferrum
990 3034 1004 3072 c
1021 3018 1185 3085 fornacibus
1203 3018 1268 3073 olim

558 3105 662 3170 stridit,
680 3105 729 3159 ubi
745 3105 778 3160 iu
794 3105 918 3174 pelidum
932 3121 1055 3174 propere
1073 3105 1250 3160 demersimus
1266 3105 1423 3172 imbrem.¹⁷)

458 3225 597 3311 Denique
606 3228 737 3294 Ovidius
744 3229 874 3294 Homeri
880 3229 1052 3312 imaginem
1060 3229 1202 3294 imitatus
1215 3227 1345 3293 estMet.
1353 3225 1400 3291 IX
1408 3225 1471 3292 170
1478 3244 1536 3310 sq.,

354 3349 413 3412 quo
437 3330 504 3396 loco
526 3332 670 3398 Herculis
694 3330 825 3397 fatalem
848 3333 940 3398 illam
963 3336 1085 3398 vestem
1107 3332 1199 3397 Nessi
1228 3331 1381 3416 sanguine
1402 3330 1536 3396 tinctam

355 3436 491 3517 deripere
514 3435 655 3502 conantis
679 3436 826 3502 describit
848 3437 989 3502 labores:

560 3554 619 3622 ipsc
637 3570 726 3619 cruor,
744 3555 835 3624 qetido
853 3571 902 3609 ceu
919 3555 1056 3624 quondam
1074 3555 1206 3609 lammina
1224 3555 1347 3608 caudens

561 3642 649 3694 tincta
666 3641 737 3707 decu,
756 3641 857 3706 stridit,
876 3642 1057 3709 coquiturque
1076 3640 1190 3693 ardcutc
1207 3655 1321 3693 oeucuo.

356 3765 444 3830 cuius
478 3763 665 3828 imitationis
694 3764 986 3829 manifestissimum
1016 3763 1169 3829 indicium
1197 3763 1231 3827 in
1261 3781 1295 3828 eo
1326 3761 1425 3827 inesse
1454 3761 1540 3844 puto,

356 3867 437 3949 quod
460 3885 508 3932 res
531 3884 661 3950 quoqne,
686 3869 773 3933 cuius
797 3868 1005 3933 illustrandae
1028 3886 1120 3932 causa
1134 3865 1265 3933 Ovidius
1288 3867 1370 3931 hane
1391 3864 1539 3930 similitu·

357 3970 463 4034 dinem
490 3972 668 4054 usurpavit,
696 3987 822 4052 prorsus
852 3974 957 4037 eadem
988 3971 1152 4052 astatque
1176 3988 1229 4050 ea,
1259 3969 1311 4035 cui
1333 3968 1541 4033 illustrandae

356 4072 486 4137 Homeri
519 4071 623 4154 imago
653 4092 747 4156 supra
775 4074 932 4157 proposita
960 4072 1112 4155 inservit,
1144 4074 1253 4155 utpote
1277 4090 1349 4137 cum
1371 4069 1540 4153 utrubique

357 4175 473 4240 stridor
494 4175 612 4240 cruoris
637 4194 652 4240 e
676 4194 805 4258 corpore
835 4178 885 4242 vel
909 4177 997 4242 oculo
1021 4175 1179 4241 manantis
1199 4173 1385 4240 'conferatur
1414 4170 1542 4240 stridori

356 4279 431 4342 ferri
453 4277 617 4343 candentis
639 4277 673 4344 in
697 4297 812 4362 aquam
837 4280 984 4347 demersi.

357 4443 563 4456 ‚—....—-

462 4533 496 4601 ¹¹)
515 4533 555 4589 Cf.
575 4533 693 4588 eiusdem
711 4535 777 4589 libri
795 4551 821 4590 v.
841 4539 892 4588 966
911 4550 978 4604 sqq,
997 4535 1080 4603 Verg.
1099 4532 1196 4604 Georg.
1215 4533 1255 4589 IV
1275 4537 1325 4587 rte
1344 4548 1384 4602 sq.
1454 4613 1457 4620 1
