3370 5134
839 539 1076 606 ..158-

359 732 403 796 de
428 727 549 794 Tibulli
573 729 751 795 imitatione
774 728 906 810 cogitari
928 728 1040 810 possit.
1063 727 1156 792 aliter
1180 744 1250 791 vero
1272 744 1321 792 res
1344 745 1377 792 se
1400 726 1497 791 habet
1518 727 1549 792 iu

359 834 463 900 altero
486 831 644 917 Lygdami
667 832 735 897 loco
759 830 843 913 (Tib.
868 829 971 908 1114,
994 829 1038 896 29
1061 829 1158 915 sqq.):

570 951 676 1006 condor
693 955 763 1014 erat,
782 949 890 1018 ancien
904 951 1032 1018 praefert
1052 949 1176 1004 Latom'o
1194 948 1289 1013 Leno,

624 1043 649 1091 el
668 1037 741 1092 color
758 1037 792 1090 in
808 1037 886 1090 niceo
904 1051 1018 1104 corpore
1034 1051 1204 1104 pnrpnreno,

572 1125 717 1179 adinveni
731 1125 855 1192 primam
872 1123 949 1195 uirgo
969 1122 1089 1178 deducto
1107 1124 1207 1178 morito

620 1210 745 1278 inficitur
762 1215 873 1264 teneras
893 1225 938 1263 ore
957 1210 1062 1264 nitente
1077 1225 1169 1281 penas,

571 1301 620 1350 ont
637 1311 698 1350 cnm
716 1299 869 1349 contenent
887 1295 1044 1348 amarantis
1063 1295 1127 1348 albo
1140 1296 1253 1364 paellae

621 1383 683 1438 lilia
700 1388 727 1437 et
745 1389 881 1438 antonno
899 1381 1022 1436 condida
1039 1381 1113 1436 molo
1130 1382 1238 1437 nabent.

362 1521 440 1573 uam
463 1506 529 1585 illa,
552 1519 630 1589 quae
654 1504 686 1571 in
712 1523 801 1571 versu
825 1505 939 1571 ultimo
962 1504 1000 1570 de
1016 1504 1110 1570 malis
1125 1506 1283 1588 leguntur,
1307 1505 1355 1572 ita
1370 1506 1550 1590 conspirant

361 1629 438 1675 curu
472 1609 574 1674 verbis
608 1606 787 1688 ovidianis,
829 1611 865 1672 ut
898 1623 1084 1673 consensum
1122 1603 1206 1672 casui
1239 1607 1377 1674 tribucre
1416 1608 1550 1675 dubites.

360 1733 459 1798 squam
483 1713 522 1778 ob
547 1732 614 1777 rem
636 1716 719 1778 recte
743 1711 886 1794 Zingerle
916 1710 1063 1776 hocloco
1098 1711 1137 1776 de
1171 1709 1349 1777 imitatione
1386 1710 1551 1793 cogitauit.

363 1817 417 1882 sed
441 1817 550 1881 utrum
573 1811 705 1880 Ovidius
728 1815 924 1898 Lygdamum
948 1831 988 1878 au
1004 1814 1183 1898 Lygdamus
1200 1809 1349 1880 Ovidium
1371 1813 1553 1898 respexerit,

365 1921 528 2004 propterea
562 1919 719 1984 incertum
753 1920 811 1999 est,
847 1918 928 2001 quod
962 1936 1023 1983 non
1057 1935 1112 1999 pro
1146 1917 1231 1983 certo
1265 1911 1416 1984 constitui
1451 1919 1553 2003 potest

365 2024 563 2108 Lygdamum
579 2022 667 2105 prius
686 2041 779 2106 quam
797 2020 946 2087 Ovidium
961 2021 1101 2088 carmina
1116 2040 1173 2087 sua
1188 2015 1415 2105 conscripsisse.
1441 2035 1553 2105 qnam·

361 2147 459 2211 quam
483 2126 563 2192 mihi
585 2127 712 2210 quidem
737 2123 867 2190 Ovidius
895 2125 1056 2209 Lygdamo
1085 2125 1215 2190 inferior
1239 2125 1338 2191 fuisse
1369 2123 1549 2211 vinctura)
1667 2165 1668 2184 t

466 2247 549 2314 Huic
560 2249 627 2314 loco
640 2246 791 2312 Ovidiauo
808 2245 870 2310 iam
882 2247 1019 2312 alterum
1031 2247 1232 2331 subiungam,
1246 2247 1320 2350 Met.
1334 2246 1380 2312 IV
1395 2246 1461 2312 330
1473 2265 1550 2331 sqq,

360 2371 426 2434 ·quo
450 2353 558 2418 eadem
579 2351 684 2433 imago
708 2350 746 2415 de
770 2349 864 2416 malis
886 2349 1052 2433 desumpta
1075 2349 1205 2432 legitur:

571 2489 658 2543 nescit
676 2489 758 2552 enim,
777 2487 844 2557 qnid
862 2502 945 2541 amor.
965 2485 1013 2540 aed
1031 2492 1057 2540 et
1075 2486 1214 2541 ernbniaae
1233 2485 1350 2540 decebat.

570 2575 615 2630 bic
633 2575 706 2630 color
722 2576 820 2643 aprica
837 2573 1019 2642 pendentibus
1037 2573 1134 2628 arbore
1148 2574 1246 2642 pomis,

571 2667 622 2718 aut
639 2663 714 2718 ebori
731 2663 818 2717 tincto
837 2667 884 2727 eet,
903 2665 954 2714 ont
970 2661 1021 2715 snb
1039 2659 1158 2714 candore
1175 2657 1295 2725 rnbento',

571 2765 633 2804 enm
650 2749 763 2815 frastra
780 2752 912 2803 resonant
929 2763 997 2800 aera
1015 2747 1178 2811 annilinrio,
1197 2745 1289 2801 lnnoe.

362 2870 479 2954 quibus
503 2892 540 2937 ex
564 2870 754 2954 imaginibus
777 2871 911 2934 alteram
932 2869 971 2933 ad
987 2868 1160 2934 Homerum
1183 2869 1377 2934 referendam
1400 2888 1468 2934 esse
1491 2871 1548 2934 iam

366 2995 397 3058 p.
422 2973 463 3039 37
487 2993 533 3058 sq.
557 2973 705 3040 diximus.
729 2977 809 3056 quod
840 2975 945 3038 autem
969 2971 1099 3038 Ovidius
1135 2991 1207 3038 aera
1229 2972 1263 3036 iu
1285 2971 1440 3039 auxilium
1462 2975 1548 3039 lunae

367 3077 484 3144 frustra
507 3078 685 3143 resonantia
706 3077 741 3141 iu
766 3077 937 3160 imaginem
962 3075 1094 3154 induxit,
1118 3077 1151 3142 in
1173 3095 1210 3141 ea
1232 3095 1264 3141 re
1286 3076 1420 3142 fortasse
1437 3092 1549 3143 memor

364 3200 436 3246 osse
460 3183 563 3264 potuit
585 3181 704 3247 Tibulli
728 3181 745 3245 Ι
767 3181 797 3262 8,
821 3182 860 3246 21
886 3199 949 3264 sq.:

573 3321 717 3372 cantuset
735 3333 749 3371 e
768 3332 856 3370 worn
873 3315 987 3370 Inneum
1005 3315 1141 3370 deducam
1158 3320 1259 3384 tentat,

623 3409 649 3457 et
665 3402 780 3469 faceret,
798 3403 824 3456 ei
840 3418 899 3457 non
917 3419 984 3456 cera
1000 3402 1115 3470 repulso
1131 3401 1273 3470 sonent,⁴⁰)

367 3527 554 3611 praesertim
577 3546 648 3593 eum
670 3527 768 3593 etiam
790 3529 925 3610 priorem
947 3544 1084 3605 versum,
1108 3525 1163 3609 qui
1187 3528 1226 3592 ad
1248 3525 1378 3592 cautum
1404 3525 1512 3592 luuam
1535 3543 1549 3588 e
1666 3579 1667 3610 ,

363 3650 461 3697 curru
496 3630 700 3696 deducentem
723 3631 881 3714 pertinet,
915 3633 946 3695 et
968 3630 1094 3695 omnino
1116 3631 1233 3713 totam,
1268 3647 1345 3712 quae
1368 3627 1403 3695 iu
1426 3629 1547 3695 Tibullo
1666 3651 1667 3722 3

363 3735 534 3819 praecedit,
570 3734 814 3818 descriptionem
846 3732 1077 3800 imitationibus
1112 3731 1295 3816 expresserit
1331 3732 1384 3820 (ci.
1408 3733 1546 3816 Zingerle
1666 3723 1667 3774 t

368 3838 448 3903 173
471 3841 566 3922 sqq.).
1666 3835 1667 3854 u

473 3958 599 4024 Tertius
611 3959 753 4042 denique,
770 3957 825 4041 qui
837 3958 898 4024 huc
913 3959 1059 4042 pertinet,
1076 3961 1162 4025 locus
1178 3961 1226 4025 est
1241 3959 1313 4024 Am.
1326 3953 1358 4023 Η
1373 3958 1402 4036 5,
1419 3957 1461 4024 35
1474 3976 1547 4040 sqq,

368 4061 423 4127 ubi
446 4065 536 4146 poeta
558 4066 711 4139 ruborem,
736 4066 789 4147 qui
805 4063 922 4129 amicae
938 4063 1048 4146 culpae
1066 4065 1206 4130 consciae
1232 4064 1357 4129 vultum
1382 4063 1547 4146 occuparit,

368 4165 418 4230 his
440 4165 580 4232 illustrat
603 4166 811 4251 imaginibus:

372 4316 577 4326 ———-..--

473 4389 505 4458 ⁸⁹)
523 4389 647 4446 Ceterum
673 4389 774 4443 fundus
797 4388 878 4444 huius
909 4389 1038 4459 imaginis
1069 4405 1126 4445 csse
1156 4388 1264 4444 uidetur
1295 4387 1449 4458 Sappumis
1479 4389 1546 4444 locus

366 4475 401 4529 fr.
420 4478 453 4527 93
472 4475 502 4528 B.

474 4561 504 4629 ⁴⁰)
524 4559 566 4615 Cf.
585 4560 617 4614 de
635 4560 705 4620 med.
725 4561 776 4616 fac.
795 4567 827 4614 41
849 4578 888 4632 sq.
