<?xml version="1.0" encoding="UTF-8"?>
<!DOCTYPE html PUBLIC "-//W3C//DTD XHTML 1.0 Transitional//EN"
    "http://www.w3.org/TR/xhtml1/DTD/xhtml1-transitional.dtd">
<html xmlns="http://www.w3.org/1999/xhtml" xml:lang="en" lang="en">
 <head>
  <title>
</title>
<meta http-equiv="Content-Type" content="text/html;charset=utf-8" />
  <meta name='ocr-system' content='tesseract 3.04.00' />
  <meta name='ocr-capabilities' content='ocr_page ocr_carea ocr_par ocr_line ocrx_word'/>
</head>
<body>
  <div class='ocr_page' id='page_1' title='image "./desimilitudinib00washgoog_0160.png"; bbox 0 0 3370 5134; ppageno 0'>
   <div class='ocr_carea' id='block_1_1' title="bbox 626 529 863 593">
    <p class='ocr_par' dir='ltr' id='par_1_1' title="bbox 626 529 863 593">
     <span class='ocr_line' id='line_1_1' title="bbox 626 529 863 593; baseline -0.004 0"><span class='ocrx_word' id='word_1_1' title='bbox 626 529 863 593; x_wconf 79' lang='lat'>-147-</span> 
     </span>
    </p>
   </div>
   <div class='ocr_carea' id='block_1_2' title="bbox 354 713 1097 870">
    <p class='ocr_par' dir='ltr' id='par_1_2' title="bbox 354 713 1097 870">
     <span class='ocr_line' id='line_1_2' title="bbox 354 713 1097 784; baseline 0.004 -16"><span class='ocrx_word' id='word_1_2' title='bbox 354 729 408 784; x_wconf 78' lang='lat' dir='ltr'><strong>quo</strong></span> <span class='ocrx_word' id='word_1_3' title='bbox 427 714 514 784; x_wconf 78' lang='lat' dir='ltr'><strong>nangis</strong></span> <span class='ocrx_word' id='word_1_4' title='bbox 532 713 664 779; x_wconf 82' lang='lat' dir='ltr'><strong>admiror,</strong></span> <span class='ocrx_word' id='word_1_5' title='bbox 682 730 749 780; x_wconf 81' lang='lat' dir='ltr'><strong>reon,</strong></span> <span class='ocrx_word' id='word_1_6' title='bbox 767 720 797 770; x_wconf 81' lang='lat' dir='ltr'><strong>at</strong></span> <span class='ocrx_word' id='word_1_7' title='bbox 815 715 985 770; x_wconf 73' lang='lat' dir='ltr'><strong>torrentibus</strong></span> <span class='ocrx_word' id='word_1_8' title='bbox 1003 714 1097 782; x_wconf 69' lang='lat' dir='ltr'><strong>autb,</strong></span> 
     </span>
     <span class='ocr_line' id='line_1_3' title="bbox 408 801 987 870; baseline 0.003 -16"><span class='ocrx_word' id='word_1_9' title='bbox 408 801 561 856; x_wconf 80' lang='lat' dir='ltr'><strong>commonia</strong></span> <span class='ocrx_word' id='word_1_10' title='bbox 578 801 641 856; x_wconf 83' lang='lat' dir='ltr'><strong>citii</strong></span> <span class='ocrx_word' id='word_1_11' title='bbox 657 805 684 855; x_wconf 84' lang='lat' dir='ltr'><strong>te</strong></span> <span class='ocrx_word' id='word_1_12' title='bbox 702 815 809 870; x_wconf 73' lang='lat' dir='ltr'><strong>quoque</strong></span> <span class='ocrx_word' id='word_1_13' title='bbox 827 801 886 856; x_wconf 83' lang='lat' dir='ltr'><strong>lobc</strong></span> <span class='ocrx_word' id='word_1_14' title='bbox 903 801 987 856; x_wconf 83' lang='lat' dir='ltr'><strong>trabi.</strong></span> 
     </span>
    </p>
   </div>
   <div class='ocr_carea' id='block_1_3' title="bbox 145 923 1338 1010">
    <p class='ocr_par' dir='ltr' id='par_1_3' title="bbox 145 923 1338 1010">
     <span class='ocr_line' id='line_1_4' title="bbox 145 923 1338 1010; baseline -0.001 -19"><span class='ocrx_word' id='word_1_15' title='bbox 145 943 231 1008; x_wconf 87' lang='lat' dir='ltr'><strong>quas</strong></span> <span class='ocrx_word' id='word_1_16' title='bbox 253 923 478 990; x_wconf 78' lang='lat' dir='ltr'><strong>similitudines</strong></span> <span class='ocrx_word' id='word_1_17' title='bbox 500 927 666 1007; x_wconf 86' lang='lat' dir='ltr'><strong>propterea</strong></span> <span class='ocrx_word' id='word_1_18' title='bbox 688 924 746 989; x_wconf 90' lang='lat' dir='ltr'><strong>hoc</strong></span> <span class='ocrx_word' id='word_1_19' title='bbox 767 923 834 990; x_wconf 91' lang='lat' dir='ltr'><strong>loco</strong></span> <span class='ocrx_word' id='word_1_20' title='bbox 857 925 1014 1009; x_wconf 83' lang='lat' dir='ltr'><strong>proposui,</strong></span> <span class='ocrx_word' id='word_1_21' title='bbox 1033 926 1108 1008; x_wconf 86' lang='lat' dir='ltr'><strong>quia</strong></span> <span class='ocrx_word' id='word_1_22' title='bbox 1122 925 1204 1010; x_wconf 83' lang='lat' dir='ltr'><strong>apud</strong></span> <span class='ocrx_word' id='word_1_23' title='bbox 1220 927 1338 990; x_wconf 82' lang='lat' dir='ltr'><strong>cataros</strong></span> 
     </span>
    </p>
   </div>
   <div class='ocr_carea' id='block_1_4' title="bbox 146 1024 1338 1318">
    <p class='ocr_par' dir='ltr' id='par_1_4' title="bbox 146 1024 1338 1318">
     <span class='ocr_line' id='line_1_5' title="bbox 151 1024 1338 1112; baseline -0.001 -18"><span class='ocrx_word' id='word_1_24' title='bbox 151 1029 260 1112; x_wconf 87' lang='lat' dir='ltr'><strong>poetas</strong></span> <span class='ocrx_word' id='word_1_25' title='bbox 284 1028 317 1092; x_wconf 90' lang='lat' dir='ltr'><strong>et</strong></span> <span class='ocrx_word' id='word_1_26' title='bbox 339 1024 470 1094; x_wconf 80' lang='lat' dir='ltr'><strong>Graecos</strong></span> <span class='ocrx_word' id='word_1_27' title='bbox 494 1028 526 1092; x_wconf 90' lang='lat' dir='ltr'><strong>et</strong></span> <span class='ocrx_word' id='word_1_28' title='bbox 549 1027 678 1092; x_wconf 81' lang='lat' dir='ltr'><strong>Latinos</strong></span> <span class='ocrx_word' id='word_1_29' title='bbox 696 1027 788 1094; x_wconf 90' lang='lat' dir='ltr'><strong>huius</strong></span> <span class='ocrx_word' id='word_1_30' title='bbox 810 1027 856 1093; x_wconf 90' lang='lat' dir='ltr'><strong>rei</strong></span> <span class='ocrx_word' id='word_1_31' title='bbox 878 1027 1002 1094; x_wconf 90' lang='lat' dir='ltr'><strong>nullum</strong></span> <span class='ocrx_word' id='word_1_32' title='bbox 1026 1029 1133 1094; x_wconf 87' lang='lat' dir='ltr'><strong>inreni</strong></span> <span class='ocrx_word' id='word_1_33' title='bbox 1149 1027 1338 1111; x_wconf 86' lang='lat' dir='ltr'><strong>exemplum,</strong></span> 
     </span>
     <span class='ocr_line' id='line_1_6' title="bbox 146 1129 1336 1216; baseline 0.002 -20"><span class='ocrx_word' id='word_1_34' title='bbox 146 1148 342 1216; x_wconf 86' lang='lat' dir='ltr'><strong>quamquam</strong></span> <span class='ocrx_word' id='word_1_35' title='bbox 365 1129 521 1197; x_wconf 84' lang='lat' dir='ltr'><strong>latissime</strong></span> <span class='ocrx_word' id='word_1_36' title='bbox 544 1134 631 1214; x_wconf 87' lang='lat' dir='ltr'><strong>patet</strong></span> <span class='ocrx_word' id='word_1_37' title='bbox 653 1131 686 1196; x_wconf 94' lang='lat' dir='ltr'><strong>in</strong></span> <span class='ocrx_word' id='word_1_38' title='bbox 709 1133 778 1198; x_wconf 87' lang='lat' dir='ltr'><strong>tota</strong></span> <span class='ocrx_word' id='word_1_39' title='bbox 799 1134 940 1198; x_wconf 87' lang='lat' dir='ltr'><strong>veterum</strong></span> <span class='ocrx_word' id='word_1_40' title='bbox 964 1131 1050 1216; x_wconf 85' lang='lat' dir='ltr'><strong>poesi</strong></span> <span class='ocrx_word' id='word_1_41' title='bbox 1065 1131 1243 1216; x_wconf 82' lang='lat' dir='ltr'><strong>imaginum</strong></span> <span class='ocrx_word' id='word_1_42' title='bbox 1259 1147 1336 1198; x_wconf 84' lang='lat' dir='ltr'><strong>usus</strong></span> 
     </span>
     <span class='ocr_line' id='line_1_7' title="bbox 146 1235 616 1318; baseline -0.002 -17"><span class='ocrx_word' id='word_1_43' title='bbox 146 1254 169 1301; x_wconf 90' lang='lat' dir='ltr'><strong>a</strong></span> <span class='ocrx_word' id='word_1_44' title='bbox 193 1235 324 1301; x_wconf 88' lang='lat' dir='ltr'><strong>naribus</strong></span> <span class='ocrx_word' id='word_1_45' title='bbox 347 1235 616 1318; x_wconf 69' lang='lat' dir='ltr'><strong>depromptarum.</strong></span> 
     </span>
    </p>
   </div>
   <div class='ocr_carea' id='block_1_5' title="bbox 147 1355 1339 1754">
    <p class='ocr_par' dir='ltr' id='par_1_5' title="bbox 147 1355 1339 1754">
     <span class='ocr_line' id='line_1_8' title="bbox 256 1355 1337 1440; baseline 0.001 -19"><span class='ocrx_word' id='word_1_46' title='bbox 256 1356 428 1439; x_wconf 81' lang='lat' dir='ltr'><strong>Aliquanto</strong></span> <span class='ocrx_word' id='word_1_47' title='bbox 462 1356 576 1422; x_wconf 89' lang='lat' dir='ltr'><strong>certior</strong></span> <span class='ocrx_word' id='word_1_48' title='bbox 611 1375 661 1421; x_wconf 85' lang='lat' dir='ltr'><strong>rec</strong></span> <span class='ocrx_word' id='word_1_49' title='bbox 691 1375 759 1422; x_wconf 83' lang='lat' dir='ltr'><strong>esse</strong></span> <span class='ocrx_word' id='word_1_50' title='bbox 794 1356 918 1422; x_wconf 84' lang='lat' dir='ltr'><strong>ridetur</strong></span> <span class='ocrx_word' id='word_1_51' title='bbox 946 1357 979 1421; x_wconf 93' lang='lat' dir='ltr'><strong>in</strong></span> <span class='ocrx_word' id='word_1_52' title='bbox 1002 1355 1064 1422; x_wconf 85' lang='lat' dir='ltr'><strong>alia</strong></span> <span class='ocrx_word' id='word_1_53' title='bbox 1085 1355 1233 1440; x_wconf 84' lang='lat' dir='ltr'><strong>imagine,</strong></span> <span class='ocrx_word' id='word_1_54' title='bbox 1256 1374 1337 1439; x_wconf 86' lang='lat' dir='ltr'><strong>qnae</strong></span> 
     </span>
     <span class='ocr_line' id='line_1_9' title="bbox 149 1457 1339 1544; baseline 0 -19"><span class='ocrx_word' id='word_1_55' title='bbox 149 1464 237 1525; x_wconf 89' lang='lat' dir='ltr'><strong>extat</strong></span> <span class='ocrx_word' id='word_1_56' title='bbox 259 1458 336 1528; x_wconf 88' lang='lat' dir='ltr'><strong>Met.</strong></span> <span class='ocrx_word' id='word_1_57' title='bbox 359 1459 392 1524; x_wconf 93' lang='lat' dir='ltr'><strong>II</strong></span> <span class='ocrx_word' id='word_1_58' title='bbox 417 1460 479 1526; x_wconf 76' lang='lat'><strong>163</strong></span> <span class='ocrx_word' id='word_1_59' title='bbox 502 1478 567 1542; x_wconf 82' lang='lat' dir='ltr'><strong>sqq.</strong></span> <span class='ocrx_word' id='word_1_60' title='bbox 592 1459 637 1526; x_wconf 88' lang='lat' dir='ltr'><strong>lbi</strong></span> <span class='ocrx_word' id='word_1_61' title='bbox 660 1460 745 1525; x_wconf 89' lang='lat' dir='ltr'><strong>enim</strong></span> <span class='ocrx_word' id='word_1_62' title='bbox 760 1465 852 1544; x_wconf 84' lang='lat' dir='ltr'><strong>poeta</strong></span> <span class='ocrx_word' id='word_1_63' title='bbox 867 1457 1028 1539; x_wconf 87' lang='lat' dir='ltr'><strong>describit,</strong></span> <span class='ocrx_word' id='word_1_64' title='bbox 1046 1473 1138 1544; x_wconf 83' lang='lat' dir='ltr'><strong>quem</strong></span> <span class='ocrx_word' id='word_1_65' title='bbox 1154 1461 1192 1525; x_wconf 86' lang='lat' dir='ltr'><strong>ad</strong></span> <span class='ocrx_word' id='word_1_66' title='bbox 1208 1462 1339 1526; x_wconf 90' lang='lat' dir='ltr'><strong>modum</strong></span> 
     </span>
     <span class='ocr_line' id='line_1_10' title="bbox 147 1559 1338 1650; baseline -0.001 -19"><span class='ocrx_word' id='word_1_67' title='bbox 147 1583 246 1631; x_wconf 86' lang='lat' dir='ltr'><strong>curru</strong></span> <span class='ocrx_word' id='word_1_68' title='bbox 286 1563 372 1645; x_wconf 86' lang='lat' dir='ltr'><strong>solis,</strong></span> <span class='ocrx_word' id='word_1_69' title='bbox 396 1581 489 1646; x_wconf 87' lang='lat' dir='ltr'><strong>quem</strong></span> <span class='ocrx_word' id='word_1_70' title='bbox 507 1564 670 1630; x_wconf 74' lang='lat' dir='ltr'><strong>Phaethon</strong></span> <span class='ocrx_word' id='word_1_71' title='bbox 687 1565 777 1642; x_wconf 81' lang='lat' dir='ltr'><strong>rerit,</strong></span> <span class='ocrx_word' id='word_1_72' title='bbox 793 1565 931 1650; x_wconf 86' lang='lat' dir='ltr'><strong>pondere</strong></span> <span class='ocrx_word' id='word_1_73' title='bbox 944 1565 1036 1630; x_wconf 89' lang='lat' dir='ltr'><strong>solito</strong></span> <span class='ocrx_word' id='word_1_74' title='bbox 1051 1579 1162 1630; x_wconf 86' lang='lat' dir='ltr'><strong>carens</strong></span> <span class='ocrx_word' id='word_1_75' title='bbox 1175 1559 1338 1631; x_wconf 80' lang='lat' dir='ltr'><strong>saltaverit</strong></span> 
     </span>
     <span class='ocr_line' id='line_1_11' title="bbox 148 1666 1252 1754; baseline 0.001 -21"><span class='ocrx_word' id='word_1_76' title='bbox 148 1669 184 1734; x_wconf 92' lang='lat' dir='ltr'><strong>in</strong></span> <span class='ocrx_word' id='word_1_77' title='bbox 208 1667 338 1745; x_wconf 66' lang='lat' dir='ltr'><strong>itidem</strong></span> <span class='ocrx_word' id='word_1_78' title='bbox 362 1685 456 1750; x_wconf 87' lang='lat' dir='ltr'><strong>quam</strong></span> <span class='ocrx_word' id='word_1_79' title='bbox 479 1686 546 1733; x_wconf 89' lang='lat' dir='ltr'><strong>rem</strong></span> <span class='ocrx_word' id='word_1_80' title='bbox 568 1666 651 1733; x_wconf 83' lang='lat' dir='ltr'><strong>Naso</strong></span> <span class='ocrx_word' id='word_1_81' title='bbox 674 1668 733 1734; x_wconf 88' lang='lat' dir='ltr'><strong>hae</strong></span> <span class='ocrx_word' id='word_1_82' title='bbox 755 1667 928 1734; x_wconf 80' lang='lat' dir='ltr'><strong>illustrarit</strong></span> <span class='ocrx_word' id='word_1_83' title='bbox 951 1667 1078 1751; x_wconf 81' lang='lat' dir='ltr'><strong>egregia</strong></span> <span class='ocrx_word' id='word_1_84' title='bbox 1100 1668 1252 1754; x_wconf 72' lang='lat' dir='ltr'><strong>imagines</strong></span> 
     </span>
    </p>
   </div>
   <div class='ocr_carea' id='block_1_6' title="bbox 356 1803 1107 2132">
    <p class='ocr_par' dir='ltr' id='par_1_6' title="bbox 356 1803 1107 2132">
     <span class='ocr_line' id='line_1_12' title="bbox 356 1803 1081 1874; baseline 0.003 -16"><span class='ocrx_word' id='word_1_85' title='bbox 356 1810 441 1874; x_wconf 79' lang='lat' dir='ltr'><strong>atque</strong></span> <span class='ocrx_word' id='word_1_86' title='bbox 460 1803 556 1858; x_wconf 77' lang='lat' dir='ltr'><strong>dobunt</strong></span> <span class='ocrx_word' id='word_1_87' title='bbox 574 1817 674 1859; x_wconf 75' lang='lat' dir='ltr'><strong>mtrooe</strong></span> <span class='ocrx_word' id='word_1_88' title='bbox 691 1806 765 1859; x_wconf 84' lang='lat' dir='ltr'><strong>insto</strong></span> <span class='ocrx_word' id='word_1_89' title='bbox 782 1803 844 1859; x_wconf 83' lang='lat' dir='ltr'><strong>sine</strong></span> <span class='ocrx_word' id='word_1_90' title='bbox 856 1803 980 1873; x_wconf 81' lang='lat' dir='ltr'><strong>pondere</strong></span> <span class='ocrx_word' id='word_1_91' title='bbox 998 1815 1081 1860; x_wconf 82' lang='lat' dir='ltr'><strong>oooea</strong></span> 
     </span>
     <span class='ocr_line' id='line_1_13' title="bbox 357 1891 1107 1959; baseline 0.003 -16"><span class='ocrx_word' id='word_1_92' title='bbox 357 1905 460 1959; x_wconf 76' lang='lat' dir='ltr'><strong>perque</strong></span> <span class='ocrx_word' id='word_1_93' title='bbox 478 1907 555 1944; x_wconf 82' lang='lat' dir='ltr'><strong>more</strong></span> <span class='ocrx_word' id='word_1_94' title='bbox 572 1891 716 1946; x_wconf 79' lang='lat' dir='ltr'><strong>ioetabticc</strong></span> <span class='ocrx_word' id='word_1_95' title='bbox 732 1891 821 1945; x_wconf 79' lang='lat' dir='ltr'><strong>nimio</strong></span> <span class='ocrx_word' id='word_1_96' title='bbox 839 1891 947 1946; x_wconf 77' lang='lat' dir='ltr'><strong>deodate</strong></span> <span class='ocrx_word' id='word_1_97' title='bbox 964 1891 1107 1958; x_wconf 66' lang='lat' dir='ltr'><strong>terantur,-</strong></span> 
     </span>
     <span class='ocr_line' id='line_1_14' title="bbox 357 1975 1056 2032; baseline 0 -2"><span class='ocrx_word' id='word_1_98' title='bbox 357 1976 397 2031; x_wconf 82' lang='lat' dir='ltr'><strong>ss&#39;c</strong></span> <span class='ocrx_word' id='word_1_99' title='bbox 414 1991 495 2030; x_wconf 84' lang='lat' dir='ltr'><strong>onere</strong></span> <span class='ocrx_word' id='word_1_100' title='bbox 513 1975 629 2032; x_wconf 68' lang='lat' dir='ltr'><strong>ademto</strong></span> <span class='ocrx_word' id='word_1_101' title='bbox 646 1992 752 2032; x_wconf 78' lang='lat' dir='ltr'><strong>uocaus</strong></span> <span class='ocrx_word' id='word_1_102' title='bbox 770 1977 819 2032; x_wconf 81' lang='lat' dir='ltr'><strong>dot</strong></span> <span class='ocrx_word' id='word_1_103' title='bbox 836 1977 870 2030; x_wconf 79' lang='lat' dir='ltr'><strong>iot</strong></span> <span class='ocrx_word' id='word_1_104' title='bbox 884 1980 951 2031; x_wconf 78' lang='lat' dir='ltr'><strong>aito</strong></span> <span class='ocrx_word' id='word_1_105' title='bbox 967 1977 1056 2031; x_wconf 76' lang='lat' dir='ltr'><strong>saltur</strong></span> 
     </span>
     <span class='ocr_line' id='line_1_15' title="bbox 360 2063 1091 2132; baseline -0.001 -14"><span class='ocrx_word' id='word_1_106' title='bbox 360 2064 568 2132; x_wconf 70' lang='lat' dir='ltr'><strong>recediturque</strong></span> <span class='ocrx_word' id='word_1_107' title='bbox 585 2063 643 2118; x_wconf 86' lang='lat' dir='ltr'><strong>cite</strong></span> <span class='ocrx_word' id='word_1_108' title='bbox 658 2064 815 2132; x_wconf 76' lang='lat' dir='ltr'><strong>similisque-</strong></span> <span class='ocrx_word' id='word_1_109' title='bbox 828 2068 868 2118; x_wconf 87' lang='lat' dir='ltr'><strong>est</strong></span> <span class='ocrx_word' id='word_1_110' title='bbox 886 2078 989 2118; x_wconf 69' lang='lat' dir='ltr'><strong>merua</strong></span> <span class='ocrx_word' id='word_1_111' title='bbox 1001 2063 1091 2118; x_wconf 64' lang='lat' dir='ltr'><strong>loom.</strong></span> 
     </span>
    </p>
   </div>
   <div class='ocr_carea' id='block_1_7' title="bbox 148 2177 1340 2494">
    <p class='ocr_par' dir='ltr' id='par_1_7' title="bbox 148 2177 1340 2494">
     <span class='ocr_line' id='line_1_16' title="bbox 148 2177 1340 2270; baseline -0.001 -20"><span class='ocrx_word' id='word_1_112' title='bbox 148 2203 214 2268; x_wconf 86' lang='lat' dir='ltr'><strong>qua</strong></span> <span class='ocrx_word' id='word_1_113' title='bbox 230 2186 263 2250; x_wconf 92' lang='lat' dir='ltr'><strong>in</strong></span> <span class='ocrx_word' id='word_1_114' title='bbox 281 2185 490 2268; x_wconf 79' lang='lat' dir='ltr'><strong>descriptione</strong></span> <span class='ocrx_word' id='word_1_115' title='bbox 505 2185 675 2268; x_wconf 84' lang='lat' dir='ltr'><strong>respexisse</strong></span> <span class='ocrx_word' id='word_1_116' title='bbox 691 2183 816 2251; x_wconf 87' lang='lat' dir='ltr'><strong>ridetur</strong></span> <span class='ocrx_word' id='word_1_117' title='bbox 832 2177 965 2269; x_wconf 88' lang='lat' dir='ltr'><strong>Vergilii</strong></span> <span class='ocrx_word' id='word_1_118' title='bbox 987 2182 1098 2270; x_wconf 82' lang='lat' dir='ltr'><strong>Georg.</strong></span> <span class='ocrx_word' id='word_1_119' title='bbox 1121 2181 1167 2251; x_wconf 94' lang='lat' dir='ltr'><strong>IV</strong></span> <span class='ocrx_word' id='word_1_120' title='bbox 1184 2183 1247 2251; x_wconf 83' lang='lat'><strong>194</strong></span> <span class='ocrx_word' id='word_1_121' title='bbox 1261 2203 1340 2268; x_wconf 84' lang='lat' dir='ltr'><strong>sqq,</strong></span> 
     </span>
     <span class='ocr_line' id='line_1_17' title="bbox 150 2287 688 2372; baseline 0.004 -19"><span class='ocrx_word' id='word_1_122' title='bbox 150 2288 205 2353; x_wconf 94' lang='lat' dir='ltr'><strong>ubi</strong></span> <span class='ocrx_word' id='word_1_123' title='bbox 228 2287 266 2352; x_wconf 91' lang='lat' dir='ltr'><strong>de</strong></span> <span class='ocrx_word' id='word_1_124' title='bbox 291 2288 401 2371; x_wconf 89' lang='lat' dir='ltr'><strong>apibus</strong></span> <span class='ocrx_word' id='word_1_125' title='bbox 424 2287 501 2353; x_wconf 91' lang='lat' dir='ltr'><strong>haec</strong></span> <span class='ocrx_word' id='word_1_126' title='bbox 523 2289 688 2372; x_wconf 87' lang='lat' dir='ltr'><strong>leguntur:</strong></span> 
     </span>
     <span class='ocr_line' id='line_1_18' title="bbox 358 2424 1090 2494; baseline 0 -16"><span class='ocrx_word' id='word_1_127' title='bbox 358 2439 542 2493; x_wconf 77' lang='lat' dir='ltr'><strong>cocureoepoe</strong></span> <span class='ocrx_word' id='word_1_128' title='bbox 560 2424 649 2480; x_wconf 67' lang='lat' dir='ltr'><strong>brecb</strong></span> <span class='ocrx_word' id='word_1_129' title='bbox 666 2429 810 2492; x_wconf 81' lang='lat' dir='ltr'><strong>temptant,</strong></span> <span class='ocrx_word' id='word_1_130' title='bbox 830 2430 856 2478; x_wconf 84' lang='lat' dir='ltr'><strong>et</strong></span> <span class='ocrx_word' id='word_1_131' title='bbox 872 2440 955 2493; x_wconf 80' lang='lat' dir='ltr'><strong>eoepc</strong></span> <span class='ocrx_word' id='word_1_132' title='bbox 972 2424 1090 2494; x_wconf 56' lang='lat' dir='ltr'><strong>lapillosa</strong></span> 
     </span>
    </p>
   </div>
   <div class='ocr_carea' id='block_1_8' title="bbox 355 2510 1098 2665">
    <p class='ocr_par' dir='ltr' id='par_1_8' title="bbox 355 2510 1098 2665">
     <span class='ocr_line' id='line_1_19' title="bbox 357 2510 1098 2577; baseline -0.001 -13"><span class='ocrx_word' id='word_1_133' title='bbox 357 2515 389 2564; x_wconf 82' lang='lat' dir='ltr'><strong>at</strong></span> <span class='ocrx_word' id='word_1_134' title='bbox 407 2510 520 2564; x_wconf 82' lang='lat' dir='ltr'><strong>cumbae</strong></span> <span class='ocrx_word' id='word_1_135' title='bbox 537 2510 679 2565; x_wconf 77' lang='lat' dir='ltr'><strong>instabiles</strong></span> <span class='ocrx_word' id='word_1_136' title='bbox 696 2510 784 2577; x_wconf 69' lang='lat' dir='ltr'><strong>(lectae</strong></span> <span class='ocrx_word' id='word_1_137' title='bbox 801 2511 925 2565; x_wconf 71' lang='lat' dir='ltr'><strong>iactam</strong></span> <span class='ocrx_word' id='word_1_138' title='bbox 943 2510 1098 2574; x_wconf 80' lang='lat' dir='ltr'><strong>saburram,</strong></span> 
     </span>
     <span class='ocr_line' id='line_1_20' title="bbox 355 2589 1032 2665; baseline 0.004 -15"><span class='ocrx_word' id='word_1_139' title='bbox 355 2593 467 2664; x_wconf 81' lang='lat' dir='ltr'><strong>tollerat,</strong></span> <span class='ocrx_word' id='word_1_140' title='bbox 484 2595 527 2651; x_wconf 83' lang='lat' dir='ltr'><strong>bie</strong></span> <span class='ocrx_word' id='word_1_141' title='bbox 544 2611 600 2650; x_wconf 84' lang='lat' dir='ltr'><strong>seeo</strong></span> <span class='ocrx_word' id='word_1_142' title='bbox 613 2611 667 2665; x_wconf 81' lang='lat' dir='ltr'><strong>per</strong></span> <span class='ocrx_word' id='word_1_143' title='bbox 685 2595 785 2649; x_wconf 79' lang='lat' dir='ltr'><strong>iconia</strong></span> <span class='ocrx_word' id='word_1_144' title='bbox 801 2589 899 2650; x_wconf 74' lang='lat' dir='ltr'><strong>cotta</strong></span> <span class='ocrx_word' id='word_1_145' title='bbox 917 2590 1032 2654; x_wconf 78' lang='lat' dir='ltr'><strong>libraret.</strong></span> 
     </span>
    </p>
   </div>
   <div class='ocr_carea' id='block_1_9' title="bbox 149 2717 1342 3114">
    <p class='ocr_par' dir='ltr' id='par_1_9' title="bbox 149 2717 1342 3114">
     <span class='ocr_line' id='line_1_21' title="bbox 150 2717 1338 2802; baseline 0 -18"><span class='ocrx_word' id='word_1_146' title='bbox 150 2719 284 2784; x_wconf 86' lang='lat' dir='ltr'><strong>variavit</strong></span> <span class='ocrx_word' id='word_1_147' title='bbox 305 2722 423 2795; x_wconf 86' lang='lat' dir='ltr'><strong>autem,</strong></span> <span class='ocrx_word' id='word_1_148' title='bbox 445 2723 482 2784; x_wconf 92' lang='lat' dir='ltr'><strong>ut</strong></span> <span class='ocrx_word' id='word_1_149' title='bbox 496 2719 585 2796; x_wconf 89' lang='lat' dir='ltr'><strong>solet,</strong></span> <span class='ocrx_word' id='word_1_150' title='bbox 609 2737 675 2782; x_wconf 89' lang='lat' dir='ltr'><strong>rem</strong></span> <span class='ocrx_word' id='word_1_151' title='bbox 698 2719 729 2783; x_wconf 92' lang='lat' dir='ltr'><strong>in</strong></span> <span class='ocrx_word' id='word_1_152' title='bbox 753 2717 892 2802; x_wconf 83' lang='lat' dir='ltr'><strong>imagine</strong></span> <span class='ocrx_word' id='word_1_153' title='bbox 914 2717 1148 2784; x_wconf 82' lang='lat' dir='ltr'><strong>conscribenda</strong></span> <span class='ocrx_word' id='word_1_154' title='bbox 1172 2737 1246 2784; x_wconf 89' lang='lat' dir='ltr'><strong>nam</strong></span> <span class='ocrx_word' id='word_1_155' title='bbox 1264 2738 1338 2785; x_wconf 90' lang='lat' dir='ltr'><strong>cum</strong></span> 
     </span>
     <span class='ocr_line' id='line_1_22' title="bbox 150 2820 1342 2906; baseline -0.001 -17"><span class='ocrx_word' id='word_1_156' title='bbox 150 2821 233 2905; x_wconf 89' lang='lat' dir='ltr'><strong>apud</strong></span> <span class='ocrx_word' id='word_1_157' title='bbox 262 2820 438 2906; x_wconf 85' lang='lat' dir='ltr'><strong>Vergilium</strong></span> <span class='ocrx_word' id='word_1_158' title='bbox 472 2820 601 2886; x_wconf 86' lang='lat' dir='ltr'><strong>cumbae</strong></span> <span class='ocrx_word' id='word_1_159' title='bbox 636 2820 840 2887; x_wconf 75' lang='lat' dir='ltr'><strong>exhibeantur</strong></span> <span class='ocrx_word' id='word_1_160' title='bbox 874 2820 972 2886; x_wconf 89' lang='lat' dir='ltr'><strong>fluctu</strong></span> <span class='ocrx_word' id='word_1_161' title='bbox 1002 2820 1143 2887; x_wconf 87' lang='lat' dir='ltr'><strong>iactante</strong></span> <span class='ocrx_word' id='word_1_162' title='bbox 1175 2822 1342 2888; x_wconf 88' lang='lat' dir='ltr'><strong>suburram</strong></span> 
     </span>
     <span class='ocr_line' id='line_1_23' title="bbox 149 2923 1340 3008; baseline 0 -16"><span class='ocrx_word' id='word_1_163' title='bbox 149 2925 347 3008; x_wconf 81' lang='lat' dir='ltr'><strong>excipientes,</strong></span> <span class='ocrx_word' id='word_1_164' title='bbox 372 2923 503 2989; x_wconf 86' lang='lat' dir='ltr'><strong>Ovidius</strong></span> <span class='ocrx_word' id='word_1_165' title='bbox 525 2943 619 2990; x_wconf 89' lang='lat' dir='ltr'><strong>nares</strong></span> <span class='ocrx_word' id='word_1_166' title='bbox 642 2923 806 2990; x_wconf 84' lang='lat' dir='ltr'><strong>instabiles</strong></span> <span class='ocrx_word' id='word_1_167' title='bbox 829 2925 961 3002; x_wconf 90' lang='lat' dir='ltr'><strong>induxit,</strong></span> <span class='ocrx_word' id='word_1_168' title='bbox 985 2943 1062 3008; x_wconf 88' lang='lat' dir='ltr'><strong>quae</strong></span> <span class='ocrx_word' id='word_1_169' title='bbox 1086 2923 1187 2991; x_wconf 90' lang='lat' dir='ltr'><strong>nimia</strong></span> <span class='ocrx_word' id='word_1_170' title='bbox 1208 2925 1340 2992; x_wconf 87' lang='lat' dir='ltr'><strong>levitate</strong></span> 
     </span>
     <span class='ocr_line' id='line_1_24' title="bbox 150 3027 489 3114; baseline 0.003 -19"><span class='ocrx_word' id='word_1_171' title='bbox 150 3050 205 3114; x_wconf 91' lang='lat' dir='ltr'><strong>per</strong></span> <span class='ocrx_word' id='word_1_172' title='bbox 227 3047 313 3094; x_wconf 89' lang='lat' dir='ltr'><strong>mare</strong></span> <span class='ocrx_word' id='word_1_173' title='bbox 337 3027 489 3096; x_wconf 88' lang='lat' dir='ltr'><strong>feruntur.</strong></span> 
     </span>
    </p>
   </div>
   <div class='ocr_carea' id='block_1_10' title="bbox 148 3148 1342 3546">
    <p class='ocr_par' dir='ltr' id='par_1_10' title="bbox 148 3148 1342 3546">
     <span class='ocr_line' id='line_1_25' title="bbox 255 3148 1339 3236; baseline 0.002 -23"><span class='ocrx_word' id='word_1_174' title='bbox 255 3149 338 3215; x_wconf 87' lang='lat' dir='ltr'><strong>Huic</strong></span> <span class='ocrx_word' id='word_1_175' title='bbox 360 3149 585 3232; x_wconf 82' lang='lat' dir='ltr'><strong>disputationis</strong></span> <span class='ocrx_word' id='word_1_176' title='bbox 618 3149 685 3214; x_wconf 92' lang='lat' dir='ltr'><strong>loco</strong></span> <span class='ocrx_word' id='word_1_177' title='bbox 709 3149 934 3215; x_wconf 89' lang='lat' dir='ltr'><strong>similitudines</strong></span> <span class='ocrx_word' id='word_1_178' title='bbox 968 3152 1117 3233; x_wconf 88' lang='lat' dir='ltr'><strong>quasdam</strong></span> <span class='ocrx_word' id='word_1_179' title='bbox 1153 3148 1339 3236; x_wconf 90' lang='lat' dir='ltr'><strong>adiungam,</strong></span> 
     </span>
     <span class='ocr_line' id='line_1_26' title="bbox 148 3252 1341 3337; baseline 0.001 -20"><span class='ocrx_word' id='word_1_180' title='bbox 148 3272 284 3336; x_wconf 86' lang='lat' dir='ltr'><strong>quarum</strong></span> <span class='ocrx_word' id='word_1_181' title='bbox 307 3271 382 3318; x_wconf 85' lang='lat' dir='ltr'><strong>usus</strong></span> <span class='ocrx_word' id='word_1_182' title='bbox 406 3252 534 3335; x_wconf 89' lang='lat' dir='ltr'><strong>quidem</strong></span> <span class='ocrx_word' id='word_1_183' title='bbox 557 3255 638 3334; x_wconf 89' lang='lat' dir='ltr'><strong>apud</strong></span> <span class='ocrx_word' id='word_1_184' title='bbox 662 3253 782 3318; x_wconf 87' lang='lat' dir='ltr'><strong>vetares</strong></span> <span class='ocrx_word' id='word_1_185' title='bbox 805 3253 1008 3337; x_wconf 81' lang='lat' dir='ltr'><strong>pervulgatus</strong></span> <span class='ocrx_word' id='word_1_186' title='bbox 1032 3252 1101 3330; x_wconf 86' lang='lat' dir='ltr'><strong>luit,</strong></span> <span class='ocrx_word' id='word_1_187' title='bbox 1132 3270 1208 3335; x_wconf 87' lang='lat' dir='ltr'><strong>quas</strong></span> <span class='ocrx_word' id='word_1_188' title='bbox 1232 3253 1341 3318; x_wconf 88' lang='lat' dir='ltr'><strong>tamen</strong></span> 
     </span>
     <span class='ocr_line' id='line_1_27' title="bbox 151 3356 1341 3442; baseline 0.001 -21"><span class='ocrx_word' id='word_1_189' title='bbox 151 3357 185 3422; x_wconf 93' lang='lat' dir='ltr'><strong>in</strong></span> <span class='ocrx_word' id='word_1_190' title='bbox 214 3356 273 3423; x_wconf 89' lang='lat' dir='ltr'><strong>hac</strong></span> <span class='ocrx_word' id='word_1_191' title='bbox 303 3356 531 3424; x_wconf 84' lang='lat' dir='ltr'><strong>dissertationis</strong></span> <span class='ocrx_word' id='word_1_192' title='bbox 559 3360 649 3440; x_wconf 88' lang='lat' dir='ltr'><strong>parte</strong></span> <span class='ocrx_word' id='word_1_193' title='bbox 679 3375 886 3423; x_wconf 87' lang='lat' dir='ltr'><strong>commemoro</strong></span> <span class='ocrx_word' id='word_1_194' title='bbox 908 3362 1085 3442; x_wconf 89' lang='lat' dir='ltr'><strong>propterea,</strong></span> <span class='ocrx_word' id='word_1_195' title='bbox 1108 3356 1192 3439; x_wconf 88' lang='lat' dir='ltr'><strong>quod</strong></span> <span class='ocrx_word' id='word_1_196' title='bbox 1215 3358 1341 3422; x_wconf 87' lang='lat' dir='ltr'><strong>eaedem</strong></span> 
     </span>
     <span class='ocr_line' id='line_1_28' title="bbox 150 3460 1342 3546; baseline 0.002 -20"><span class='ocrx_word' id='word_1_197' title='bbox 150 3479 261 3526; x_wconf 87' lang='lat' dir='ltr'><strong>omnes</strong></span> <span class='ocrx_word' id='word_1_198' title='bbox 284 3460 316 3524; x_wconf 93' lang='lat' dir='ltr'><strong>in</strong></span> <span class='ocrx_word' id='word_1_199' title='bbox 340 3460 474 3543; x_wconf 86' lang='lat' dir='ltr'><strong>Vergilii</strong></span> <span class='ocrx_word' id='word_1_200' title='bbox 509 3460 700 3526; x_wconf 80' lang='lat' dir='ltr'><strong>carminibus</strong></span> <span class='ocrx_word' id='word_1_201' title='bbox 724 3461 934 3527; x_wconf 87' lang='lat' dir='ltr'><strong>inveniuntur.</strong></span> <span class='ocrx_word' id='word_1_202' title='bbox 965 3463 1053 3527; x_wconf 90' lang='lat' dir='ltr'><strong>cuius</strong></span> <span class='ocrx_word' id='word_1_203' title='bbox 1086 3461 1210 3546; x_wconf 79' lang='lat' dir='ltr'><strong>generis</strong></span> <span class='ocrx_word' id='word_1_204' title='bbox 1233 3465 1280 3527; x_wconf 89' lang='lat' dir='ltr'><strong>est</strong></span> <span class='ocrx_word' id='word_1_205' title='bbox 1306 3481 1342 3528; x_wconf 90' lang='lat' dir='ltr'><strong>ea</strong></span> 
     </span>
    </p>
   </div>
   <div class='ocr_carea' id='block_1_11' title="bbox 150 3562 1341 3733">
    <p class='ocr_par' dir='ltr' id='par_1_11' title="bbox 150 3562 1341 3733">
     <span class='ocr_line' id='line_1_29' title="bbox 150 3562 1341 3660; baseline 0.005 -33"><span class='ocrx_word' id='word_1_206' title='bbox 150 3563 268 3648; x_wconf 83' lang='lat' dir='ltr'><strong>imago,</strong></span> <span class='ocrx_word' id='word_1_207' title='bbox 292 3581 353 3646; x_wconf 87' lang='lat' dir='ltr'><strong>qua</strong></span> <span class='ocrx_word' id='word_1_208' title='bbox 369 3562 499 3629; x_wconf 86' lang='lat' dir='ltr'><strong>Ovidius</strong></span> <span class='ocrx_word' id='word_1_209' title='bbox 522 3564 648 3643; x_wconf 89' lang='lat' dir='ltr'><strong>vellera,</strong></span> <span class='ocrx_word' id='word_1_210' title='bbox 673 3582 752 3647; x_wconf 86' lang='lat' dir='ltr'><strong>qnae</strong></span> <span class='ocrx_word' id='word_1_211' title='bbox 767 3566 806 3631; x_wconf 88' lang='lat' dir='ltr'><strong>ab</strong></span> <span class='ocrx_word' id='word_1_212' title='bbox 822 3563 969 3632; x_wconf 82' lang='lat' dir='ltr'><strong>Arachne</strong></span> <span class='ocrx_word' id='word_1_213' title='bbox 981 3568 1199 3660; x_wconf 83' lang='lat' dir='ltr'><strong>pectebantur,</strong></span> <span class='ocrx_word' id='word_1_214' title='bbox 1216 3585 1341 3651; x_wconf 89' lang='lat' dir='ltr'><strong>compa-</strong></span> 
     </span>
     <span class='ocr_line' id='line_1_30' title="bbox 151 3666 728 3733; baseline 0.003 -2"><span class='ocrx_word' id='word_1_215' title='bbox 151 3668 236 3733; x_wconf 90' lang='lat' dir='ltr'><strong>ravit</strong></span> <span class='ocrx_word' id='word_1_216' title='bbox 258 3685 332 3733; x_wconf 94' lang='lat' dir='ltr'><strong>cum</strong></span> <span class='ocrx_word' id='word_1_217' title='bbox 353 3666 477 3732; x_wconf 88' lang='lat' dir='ltr'><strong>nebulis</strong></span> <span class='ocrx_word' id='word_1_218' title='bbox 499 3667 577 3732; x_wconf 84' lang='lat' dir='ltr'><strong>Met</strong></span> <span class='ocrx_word' id='word_1_219' title='bbox 601 3666 648 3732; x_wconf 91' lang='lat' dir='ltr'><strong>Vi</strong></span> <span class='ocrx_word' id='word_1_220' title='bbox 669 3667 728 3733; x_wconf 78' lang='lat'><strong>21:</strong></span> 
     </span>
    </p>
   </div>
   <div class='ocr_carea' id='block_1_12' title="bbox 356 3796 1145 3874">
    <p class='ocr_par' dir='ltr' id='par_1_12' title="bbox 356 3796 1145 3874">
     <span class='ocr_line' id='line_1_31' title="bbox 356 3796 1145 3874; baseline 0.004 -16"><span class='ocrx_word' id='word_1_221' title='bbox 356 3804 455 3858; x_wconf 74' lang='lat' dir='ltr'><strong>adleta</strong></span> <span class='ocrx_word' id='word_1_222' title='bbox 473 3803 596 3860; x_wconf 78' lang='lat' dir='ltr'><strong>mollibat</strong></span> <span class='ocrx_word' id='word_1_223' title='bbox 613 3804 728 3858; x_wconf 76' lang='lat' dir='ltr'><strong>oebtdor</strong></span> <span class='ocrx_word' id='word_1_224' title='bbox 747 3804 899 3874; x_wconf 74' lang='lat' dir='ltr'><strong>arguentia</strong></span> <span class='ocrx_word' id='word_1_225' title='bbox 916 3810 1018 3861; x_wconf 64' lang='lat' dir='ltr'><strong>trono.</strong></span> <span class='ocrx_word' id='word_1_226' title='bbox 1141 3796 1145 3808; x_wconf 78' lang='grc'><strong>’</strong></span> 
     </span>
    </p>
   </div>
   <div class='ocr_carea' id='block_1_13' title="bbox 149 3923 1342 4528">
    <p class='ocr_par' dir='ltr' id='par_1_13' title="bbox 149 3923 1342 4528">
     <span class='ocr_line' id='line_1_32' title="bbox 149 3923 1340 3994; baseline 0.001 -2"><span class='ocrx_word' id='word_1_227' title='bbox 149 3928 238 3992; x_wconf 88' lang='lat' dir='ltr'><strong>certe</strong></span> <span class='ocrx_word' id='word_1_228' title='bbox 261 3923 504 3991; x_wconf 85' lang='lat' dir='ltr'><strong>translationem</strong></span> <span class='ocrx_word' id='word_1_229' title='bbox 526 3941 544 3990; x_wconf 90' lang='lat' dir='ltr'><strong>a</strong></span> <span class='ocrx_word' id='word_1_230' title='bbox 566 3926 680 3991; x_wconf 85' lang='lat' dir='ltr'><strong>vellere</strong></span> <span class='ocrx_word' id='word_1_231' title='bbox 705 3928 744 3992; x_wconf 87' lang='lat' dir='ltr'><strong>ad</strong></span> <span class='ocrx_word' id='word_1_232' title='bbox 767 3925 915 3992; x_wconf 72' lang='lat' dir='ltr'><strong>nebulam</strong></span> <span class='ocrx_word' id='word_1_233' title='bbox 939 3931 970 3992; x_wconf 88' lang='lat' dir='ltr'><strong>ct</strong></span> <span class='ocrx_word' id='word_1_234' title='bbox 993 3926 1061 3994; x_wconf 82' lang='lat' dir='ltr'><strong>rice</strong></span> <span class='ocrx_word' id='word_1_235' title='bbox 1085 3939 1177 3993; x_wconf 76' lang='lat' dir='ltr'><strong>versa</strong></span> <span class='ocrx_word' id='word_1_236' title='bbox 1191 3941 1209 3992; x_wconf 86' lang='lat' dir='ltr'><strong>a</strong></span> <span class='ocrx_word' id='word_1_237' title='bbox 1223 3926 1340 3994; x_wconf 85' lang='lat' dir='ltr'><strong>nebula</strong></span> 
     </span>
     <span class='ocr_line' id='line_1_33' title="bbox 149 4028 1342 4114; baseline 0 -18"><span class='ocrx_word' id='word_1_238' title='bbox 149 4031 191 4097; x_wconf 87' lang='lat' dir='ltr'><strong>ad</strong></span> <span class='ocrx_word' id='word_1_239' title='bbox 216 4029 316 4095; x_wconf 84' lang='lat' dir='ltr'><strong>vellus</strong></span> <span class='ocrx_word' id='word_1_240' title='bbox 339 4028 437 4093; x_wconf 86' lang='lat' dir='ltr'><strong>etlam</strong></span> <span class='ocrx_word' id='word_1_241' title='bbox 461 4031 542 4111; x_wconf 90' lang='lat' dir='ltr'><strong>apud</strong></span> <span class='ocrx_word' id='word_1_242' title='bbox 565 4032 685 4096; x_wconf 85' lang='lat' dir='ltr'><strong>ratores</strong></span> <span class='ocrx_word' id='word_1_243' title='bbox 708 4036 758 4094; x_wconf 88' lang='lat' dir='ltr'><strong>sat</strong></span> <span class='ocrx_word' id='word_1_244' title='bbox 780 4029 1000 4114; x_wconf 82' lang='lat' dir='ltr'><strong>pervulgatam</strong></span> <span class='ocrx_word' id='word_1_245' title='bbox 1022 4031 1117 4097; x_wconf 85' lang='lat' dir='ltr'><strong>luisse</strong></span> <span class='ocrx_word' id='word_1_246' title='bbox 1146 4032 1212 4097; x_wconf 89' lang='lat' dir='ltr'><strong>iam</strong></span> <span class='ocrx_word' id='word_1_247' title='bbox 1234 4032 1342 4098; x_wconf 80' lang='lat' dir='ltr'><strong>tabula</strong></span> 
     </span>
     <span class='ocr_line' id='line_1_34' title="bbox 150 4131 1341 4220; baseline 0.006 -22"><span class='ocrx_word' id='word_1_248' title='bbox 150 4133 208 4198; x_wconf 89' lang='lat' dir='ltr'><strong>illa</strong></span> <span class='ocrx_word' id='word_1_249' title='bbox 231 4136 268 4199; x_wconf 88' lang='lat' dir='ltr'><strong>de</strong></span> <span class='ocrx_word' id='word_1_250' title='bbox 290 4149 384 4198; x_wconf 89' lang='lat' dir='ltr'><strong>aureo</strong></span> <span class='ocrx_word' id='word_1_251' title='bbox 409 4133 524 4199; x_wconf 84' lang='lat' dir='ltr'><strong>vellere</strong></span> <span class='ocrx_word' id='word_1_252' title='bbox 549 4133 723 4198; x_wconf 89' lang='lat' dir='ltr'><strong>edocemur.</strong></span> <span class='ocrx_word' id='word_1_253' title='bbox 749 4137 780 4198; x_wconf 93' lang='lat' dir='ltr'><strong>et</strong></span> <span class='ocrx_word' id='word_1_254' title='bbox 802 4133 987 4215; x_wconf 89' lang='lat' dir='ltr'><strong>Apollonius</strong></span> <span class='ocrx_word' id='word_1_255' title='bbox 1017 4135 1096 4219; x_wconf 87' lang='lat' dir='ltr'><strong>Arg.</strong></span> <span class='ocrx_word' id='word_1_256' title='bbox 1125 4131 1171 4201; x_wconf 92' lang='lat' dir='ltr'><strong>IV</strong></span> <span class='ocrx_word' id='word_1_257' title='bbox 1203 4134 1266 4201; x_wconf 81' lang='lat'><strong>125</strong></span> <span class='ocrx_word' id='word_1_258' title='bbox 1294 4155 1341 4220; x_wconf 81' lang='lat' dir='ltr'><strong>sq.</strong></span> 
     </span>
     <span class='ocr_line' id='line_1_35' title="bbox 151 4236 1340 4321; baseline 0.003 -19"><span class='ocrx_word' id='word_1_259' title='bbox 151 4237 254 4302; x_wconf 85' lang='lat' dir='ltr'><strong>vellus</strong></span> <span class='ocrx_word' id='word_1_260' title='bbox 277 4255 405 4302; x_wconf 88' lang='lat' dir='ltr'><strong>aureum</strong></span> <span class='ocrx_word' id='word_1_261' title='bbox 429 4236 508 4302; x_wconf 90' lang='lat' dir='ltr'><strong>nubi</strong></span> <span class='ocrx_word' id='word_1_262' title='bbox 531 4236 635 4301; x_wconf 89' lang='lat' dir='ltr'><strong>simile</strong></span> <span class='ocrx_word' id='word_1_263' title='bbox 659 4236 756 4302; x_wconf 86' lang='lat' dir='ltr'><strong>luisse</strong></span> <span class='ocrx_word' id='word_1_264' title='bbox 774 4242 891 4317; x_wconf 88' lang='lat' dir='ltr'><strong>narrat,</strong></span> <span class='ocrx_word' id='word_1_265' title='bbox 914 4256 992 4321; x_wconf 89' lang='lat' dir='ltr'><strong>quae</strong></span> <span class='ocrx_word' id='word_1_266' title='bbox 1008 4238 1082 4303; x_wconf 89' lang='lat' dir='ltr'><strong>solis</strong></span> <span class='ocrx_word' id='word_1_267' title='bbox 1099 4238 1228 4306; x_wconf 79' lang='lat' dir='ltr'><strong>omentis</strong></span> <span class='ocrx_word' id='word_1_268' title='bbox 1243 4239 1340 4305; x_wconf 87' lang='lat' dir='ltr'><strong>radiis</strong></span> 
     </span>
     <span class='ocr_line' id='line_1_36' title="bbox 151 4340 1340 4428; baseline 0.003 -23"><span class='ocrx_word' id='word_1_269' title='bbox 151 4340 306 4406; x_wconf 81' lang='lat' dir='ltr'><strong>flammeis</strong></span> <span class='ocrx_word' id='word_1_270' title='bbox 319 4340 420 4405; x_wconf 91' lang='lat' dir='ltr'><strong>rubet.</strong></span> <span class='ocrx_word' id='word_1_271' title='bbox 445 4343 499 4406; x_wconf 86' lang='lat' dir='ltr'><strong>sed</strong></span> <span class='ocrx_word' id='word_1_272' title='bbox 522 4340 623 4426; x_wconf 87' lang='lat' dir='ltr'><strong>magis</strong></span> <span class='ocrx_word' id='word_1_273' title='bbox 647 4340 790 4407; x_wconf 88' lang='lat' dir='ltr'><strong>accedere</strong></span> <span class='ocrx_word' id='word_1_274' title='bbox 814 4342 962 4407; x_wconf 81' lang='lat' dir='ltr'><strong>videntur</strong></span> <span class='ocrx_word' id='word_1_275' title='bbox 978 4342 1018 4407; x_wconf 89' lang='lat' dir='ltr'><strong>ad</strong></span> <span class='ocrx_word' id='word_1_276' title='bbox 1035 4342 1139 4409; x_wconf 83' lang='lat' dir='ltr'><strong>Ovidii</strong></span> <span class='ocrx_word' id='word_1_277' title='bbox 1155 4343 1340 4428; x_wconf 89' lang='lat' dir='ltr'><strong>imaginem,</strong></span> 
     </span>
     <span class='ocr_line' id='line_1_37' title="bbox 152 4442 995 4528; baseline 0.001 -19"><span class='ocrx_word' id='word_1_278' title='bbox 152 4461 231 4525; x_wconf 88' lang='lat' dir='ltr'><strong>qnae</strong></span> <span class='ocrx_word' id='word_1_279' title='bbox 255 4444 338 4526; x_wconf 89' lang='lat' dir='ltr'><strong>apud</strong></span> <span class='ocrx_word' id='word_1_280' title='bbox 361 4442 539 4526; x_wconf 90' lang='lat' dir='ltr'><strong>Vergilium</strong></span> <span class='ocrx_word' id='word_1_281' title='bbox 564 4443 674 4528; x_wconf 85' lang='lat' dir='ltr'><strong>Georg.</strong></span> <span class='ocrx_word' id='word_1_282' title='bbox 701 4444 717 4508; x_wconf 91' lang='grc' dir='ltr'><strong>Ι</strong></span> <span class='ocrx_word' id='word_1_283' title='bbox 742 4443 804 4510; x_wconf 83' lang='grc'><strong>397</strong></span> <span class='ocrx_word' id='word_1_284' title='bbox 830 4444 995 4528; x_wconf 89' lang='lat' dir='ltr'><strong>leguntur:</strong></span> 
     </span>
    </p>
   </div>
   <div class='ocr_carea' id='block_1_14' title="bbox 358 4563 1240 4707">
    <p class='ocr_par' dir='ltr' id='par_1_14' title="bbox 358 4563 1240 4707">
     <span class='ocr_line' id='line_1_38' title="bbox 358 4563 1032 4633; baseline 0.001 -15"><span class='ocrx_word' id='word_1_285' title='bbox 358 4563 457 4618; x_wconf 77' lang='lat' dir='ltr'><strong>tenedo</strong></span> <span class='ocrx_word' id='word_1_286' title='bbox 474 4578 525 4618; x_wconf 82' lang='lat' dir='ltr'><strong>occ</strong></span> <span class='ocrx_word' id='word_1_287' title='bbox 542 4563 625 4618; x_wconf 79' lang='lat' dir='ltr'><strong>lonae</strong></span> <span class='ocrx_word' id='word_1_288' title='bbox 638 4580 693 4633; x_wconf 81' lang='lat' dir='ltr'><strong>per</strong></span> <span class='ocrx_word' id='word_1_289' title='bbox 711 4564 817 4620; x_wconf 80' lang='lat' dir='ltr'><strong>coelam</strong></span> <span class='ocrx_word' id='word_1_290' title='bbox 834 4565 936 4620; x_wconf 80' lang='lat' dir='ltr'><strong>vellem</strong></span> <span class='ocrx_word' id='word_1_291' title='bbox 952 4564 1032 4630; x_wconf 82' lang='lat' dir='ltr'><strong>ferri.</strong></span> 
     </span>
     <span class='ocr_line' id='line_1_39' title="bbox 1187 4651 1240 4707; baseline -0.038 0"><span class='ocrx_word' id='word_1_292' title='bbox 1187 4651 1240 4707; x_wconf 77' lang='lat'><strong>10·</strong></span> 
     </span>
    </p>
   </div>
   <div class='ocr_carea' id='block_1_15' title="bbox 0 0 1696 5134">
    <p class='ocr_par' dir='ltr' id='par_1_15' title="bbox 0 0 1696 5134">
     <span class='ocr_line' id='line_1_40' title="bbox 0 0 1696 5134; baseline 0 0"><span class='ocrx_word' id='word_1_293' title='bbox 0 0 1696 5134; x_wconf 95' lang='lat' dir='ltr'><strong> </strong></span> 
     </span>
    </p>
   </div>
  </div>
 </body>
</html>
