3366 5132
876 528 1087 594 ..gq-

387 721 473 782 certe
502 716 580 782 haec
609 716 789 784 coniectura
816 715 1000 802 infringitm
1028 734 1073 796 eo,
1103 719 1184 800 quod
1215 717 1343 784 Ovidius
1372 720 1518 802 pruinam
1541 720 1573 784 in

388 819 560 903 imaginem
584 837 674 888 sunm
696 817 830 901 induxit,
853 839 925 887 cum
948 825 1055 888 tamen
1077 824 1110 887 in
1132 822 1271 888 Lucretii
1299 825 1509 906 descriptione
1535 826 1572 890 de

389 923 461 991 nive
484 925 516 989 et
539 922 639 1008 glacie
671 923 842 1008 disputatio
874 928 1024 991 versetur.
1055 943 1128 989 nam
1157 926 1323 992 incedam
1351 927 1432 993 libro
1455 929 1574 993 Lucre·

388 1027 682 1110 truncantem.
707 1028 836 1110 pruinae
858 1028 977 1094 mentio
1000 1028 1046 1109 fit,
1078 1047 1170 1112 quem
1197 1031 1299 1095 locum
1329 1029 1479 1097 Ovidium
1510 1030 1577 1096 alia

385 1129 525 1214 imagine
557 1109 719 1198 imitatum
749 1149 816 1196 esse
844 1131 926 1198 inira
954 1132 1246 1212 demonstrabimus,
1276 1133 1323 1200 ita
1352 1137 1390 1198 ut
1416 1135 1485 1199 siue
1508 1134 1575 1200 ulla

387 1232 585 1300 dubitatione
615 1232 767 1302 affirmari
789 1234 887 1317 possit
909 1233 999 1300 illurn
1023 1253 1143 1320 quoque
1166 1237 1372 1304 variationem
1387 1237 1426 1303 ad
1441 1239 1574 1303 eundern

386 1337 506 1404 fontem
528 1337 683 1422 redire.⁹⁵)

489 1441 523 1507 Si
557 1459 647 1525 porro
682 1440 827 1525 reliquas
851 1443 1082 1508 recensebimus
1115 1442 1270 1526 imagines
1309 1444 1480 1511 Ouidianae
1513 1446 1577 1509 hnc

387 1545 588 1627 pertinentes,
623 1545 657 1610 in
680 1547 723 1612 aia
747 1563 867 1628 quoque
889 1563 950 1611 non
972 1546 1042 1612 sine
1063 1546 1201 1614 Lucretii
1236 1549 1371 1630 quadam
1393 1547 1575 1614 imitatione

387 1668 458 1714 eurn
481 1650 643 1716 versatum
665 1669 731 1715 esea
753 1649 941 1716 videbimus.
965 1641 1039 1716 nam
1062 1669 1134 1717 cum
1151 1650 1283 1718 Ovidius
1299 1651 1375 1720 Met.
1392 1651 1426 1716 Il
1446 1651 1509 1717 807
1528 1669 1573 1732 sq.

386 1751 522 1836 Aglauri
544 1753 694 1820 miseram
717 1752 941 1836 condicionem,
971 1773 1049 1838 quae
1081 1756 1176 1822 sorori
1206 1775 1281 1822 suaa
1304 1757 1424 1822 Hersen
1447 1774 1468 1820 a
1489 1755 1575 1820 Mer-

387 1857 475 1922 curio
498 1859 623 1924 amatae
645 1857 772 1934 invidet,
795 1857 855 1922 hac
878 1857 1081 1924 adumbravit
1103 1859 1261 1944 imagine:

698 2016 705 2030 .
750 2013 757 2027 .
801 2017 808 2030 .
848 1977 976 2046 lentoque
992 1978 1148 2034 micanum
1166 1978 1227 2034 tote

594 2062 719 2132 liquitur,
737 2069 770 2117 at
787 2064 889 2134 olomeo
906 2064 1013 2119 incerto
1030 2065 1127 2122 coacta
1144 2067 1208 2131 sole,

387 2165 416 2232 ei
438 2170 505 2233 sine
529 2167 624 2232 dubio
646 2167 777 2233 alterins
800 2168 938 2233 Lucretii
967 2168 1185 2252 descriptionis
1213 2189 1309 2254 supra
1338 2170 1517 2255 propositae
1541 2172 1573 2235 iu

386 2273 527 2335 mentem
559 2273 655 2351 venit,
690 2271 744 2337 ubi
776 2272 891 2356 glaciei
924 2272 987 2337 sole
1011 2273 1183 2340 dissolutae
1205 2274 1324 2340 mentio
1347 2275 1393 2342 tit.
1432 2274 1577 2358 itemquo

386 2373 524 2440 Lucretii
545 2373 683 2442 imitatio
704 2375 787 2443 inest
808 2375 885 2444 Met.
908 2375 938 2442 X
960 2377 1024 2444 283
1048 2395 1126 2460 sqq,
1149 2378 1204 2444 ubi
1231 2379 1266 2443 in
1287 2379 1396 2445 fabula
1425 2378 1462 2445 de
1488 2380 1576 2464 Pyg-

388 2476 535 2543 malionis
558 2480 665 2545 statue
687 2479 834 2558 eburnea,
859 2497 937 2561 quae
960 2479 994 2544 in
1017 2478 1174 2565 virginem
1197 2484 1348 2558 mutatur,
1373 2483 1454 2548 hanc
1479 2484 1574 2549 simi·

388 2580 556 2647 titudinem
580 2585 761 2665 usurpatam
784 2583 978 2649 invenimus:

492 2773 525 2841 ²⁵)
545 2771 666 2830 Praeivit
683 2773 712 2827 in
733 2773 833 2828 eisdem
851 2772 1019 2842 imaginibus
1043 2773 1204 2828 adhibendis
1223 2774 1389 2839 Theocritus,
1417 2776 1465 2845 qui
1494 2775 1576 2846 idyll.

388 2857 418 2912 11
436 2873 462 2912 v.
481 2861 514 2915 28
532 2873 570 2926 sq.
591 2873 678 2914 coram
697 2859 924 2925 remollescentern
944 2875 990 2928 por
1007 2861 1234 2928 comparationem
1253 2861 1291 2916 xic
1308 2860 1430 2919 induxit:

596 2956 636 3019 ὡς
653 2959 760 3010 τοῦτον
778 2955 830 3010 τὸν
849 2955 940 3024 κηρὸν
960 2955 1018 3022 ἐγὼ
1038 2956 1092 3010 σὺν
1112 2955 1333 3025 carpuneno,

594 3040 632 3104 ὣς
650 3041 758 3095 τάκοιθ’
777 3042 824 3096 ὑπ’
843 3043 951 3110 ἔρωτος
970 3043 986 3096 ό
1006 3043 1132 3108 Μύνδιος
1152 3041 1255 3098 αὐτίκα
1273 3044 1387 3112 aanor«,

386 3137 414 3190 et
432 3135 509 3204 idyll.
529 3135 581 3188 vll
601 3139 633 3188 76
652 3151 691 3203 sq.
713 3135 879 3203 Daphnidem
899 3152 988 3190 amore
1006 3135 1152 3206 liquentem
1181 3138 1232 3192 hac
1259 3139 1410 3193 illustravit
1437 3139 1576 3210 imagine:

593 3239 659 3295 εὖτε
677 3241 748 3306 χιὼν
767 3243 806 3304 ὥς
824 3257 866 3304 τις
884 3242 1060 3298 κατετάκετο
1081 3243 1190 3312 μακρὸν
1209 3243 1258 3309 ὑφ’
1278 3241 1365 3306 Αἷμον

593 3328 611 3393 ἢ
631 3327 710 3382 Ἄθω
731 3328 749 3393 ἢ
768 3327 948 3395 Ῥοδόπανῆ
970 3328 1121 3384 Καύκασον
1140 3329 1336 3395 ἐσχατόωντα.

387 3445 454 3499 quos
472 3430 544 3484 locos
562 3445 629 3486 num
648 3431 791 3500 respexerit
807 3428 931 3508 Ovidius,
950 3433 1073 3500 equidem
1092 3433 1195 3490 dubito.
1227 3434 1273 3488 sed
1292 3437 1398 3490 constat
1419 3433 1575 3504 Vergilium

386 3518 480 3585 poetae
499 3515 595 3570 Graeci
613 3517 805 3576 auctoritatem
824 3521 944 3572 secutum
963 3535 1020 3574 esse
1038 3518 1094 3574 Ecl.
1115 3519 1183 3576 VIII
1202 3524 1235 3574 80
1255 3536 1308 3588 eq:

592 3610 673 3668 limas
690 3618 723 3667 eet
740 3614 784 3668 bic
802 3613 933 3680 darmcit,
953 3607 979 3668 et
997 3615 1064 3670 boec
1081 3621 1113 3668 nrt
1131 3631 1195 3669 cero
1214 3615 1341 3684 liquescit

591 3715 649 3754 ano
667 3699 812 3769 eodemque
829 3701 900 3770 qni:
918 3701 958 3756 eie
976 3709 1070 3756 nostro
1087 3699 1217 3770 Daphnis
1235 3719 1336 3758 amoro.

387 3793 418 3846 in
435 3791 506 3846 hauc
524 3796 614 3847 autem
634 3793 750 3864 Vergilii
768 3795 951 3850 imitationem
968 3796 1039 3850 idem
1064 3797 1156 3851 cadere
1184 3797 1315 3864 videmus,
1343 3797 1413 3865 quod
1441 3811 1524 3867 snpra
1542 3797 1577 3849 de

390 3879 530 3933 nonnullis
548 3879 750 3934 imitationibus
769 3880 909 3936 Ouidianis
928 3881 1054 3945 diximus,
1072 3882 1176 3937 scilieet
1194 3886 1302 3950 poetam
1319 3883 1349 3936 in
1366 3881 1489 3952 imagine
1507 3897 1574 3936 con·

388 3963 528 4019 scribenda
546 3964 612 4019 dnos
630 3967 701 4020 locos
719 3966 839 4022 auctoris
858 3967 899 4020 sui
917 3968 990 4024 inter
1008 3984 1035 4022 se
1047 3969 1215 4027 coniunxisse
1228 3969 1275 4035 itn,
1294 3971 1326 4023 nt
1341 3970 1396 4026 elia
1410 3969 1438 4022 in
1451 3969 1576 4038 imagine

388 4048 421 4103 ad
438 4050 562 4120 priorem,
581 4051 636 4105 alia
654 4051 687 4104 ad
705 4053 880 4120 posteriorem
898 4053 985 4110 locum
1005 4054 1098 4110 reterri
1116 4057 1231 4124 possint.
1258 4071 1322 4110 nam
1340 4055 1411 4125 quod
1433 4054 1575 4124 Vergilius

388 4135 559 4205 Daphnidem
577 4152 666 4190 amore
684 4136 833 4205 liquentem
852 4138 1005 4209 descripsit,
1023 4139 1053 4196 in
1071 4157 1102 4196 eo
1120 4143 1295 4211 posteriorem
1314 4141 1452 4196 Theocriti
1481 4142 1573 4196 locum

387 4221 534 4291 spectavit3
552 4223 623 4291 quod
642 4225 731 4278 autem
751 4241 836 4280 ceram
862 4226 1090 4285 remollesceutem
1117 4229 1146 4282 in
1164 4229 1311 4298 imaginem
1329 4226 1444 4291 induxit,
1474 4228 1504 4282 in
1523 4225 1574 4281 hoc

387 4306 485 4376 prioris
505 4307 641 4366 Theocriti
660 4309 712 4370 loci
730 4325 874 4366 memorem
902 4329 958 4368 sese
976 4315 1123 4382 praestitit,
1152 4314 1200 4369 ubi
1219 4313 1361 4384 Delphidie
1387 4329 1461 4368 annor
1479 4314 1572 4370 eadam

387 4395 506 4464 imagine
525 4394 689 4449 illustratur.
709 4393 774 4464 quid
792 4397 864 4465 qnod
881 4401 989 4468 praeter
1002 4397 1173 4455 Theocritum
1187 4403 1300 4454 sortasse
1312 4417 1378 4466 eam,
1397 4415 1476 4470 quam
1489 4415 1574 4468 snpra

388 4482 661 4547 commemoravimus,
680 4479 798 4535 Lucretii
823 4481 1036 4551 disputationem
1064 4489 1145 4555 atque
1174 4487 1202 4541 in
1222 4487 1316 4555 primis
1336 4501 1427 4540 versus
1445 4489 1495 4540 965
1514 4501 1573 4554 sqq.

388 4566 453 4626 ante
469 4564 560 4619 oeulos
578 4565 707 4622 babuisse
725 4567 839 4623 videtur.
