3370 5134
633 536 866 601 -109-

153 741 230 805 quas
253 722 408 807 imagines
432 742 491 788 non
515 721 619 787 minus
643 725 748 805 aperte
772 723 980 788 conformavit
995 723 1125 790 Ovidius
1141 724 1181 790 ad
1197 724 1339 790 Lucretii

153 827 342 909 exemplum,
367 829 419 910 qni
443 825 489 888 IV
513 825 577 892 925
592 844 659 910 sqq.
683 826 886 910 sagacissime
903 828 1138 910 explicationem
1153 847 1253 908 suam,
1277 847 1342 912 qna

152 932 291 996 animam
324 932 357 996 in
391 949 499 996 somno
532 931 748 1013 perturbatam
784 932 816 996 et
839 931 1040 1015 aliquantum
1075 932 1129 998 sed
1153 950 1215 998 non
1238 935 1337 998 totam

153 1034 285 1100 eiectam
309 1052 376 1100 esse
400 1035 501 1116 putat,
524 1034 607 1117 ignis
632 1035 771 1116 exemplo
794 1033 967 1100 illustravit
991 1036 1051 1100 etsi
1074 1039 1168 1102 cineri
1184 1036 1339 1120 plurimae

153 1138 307 1222 suppositi
330 1141 436 1204 tamen
459 1138 575 1202 iterum
599 1137 833 1202 reviviscentis:

360 1275 470 1343 quippe,
489 1273 537 1328 ubi
554 1274 634 1328 uultu
651 1275 740 1328 lateus
758 1275 864 1328 cuimca'
878 1291 950 1343 pure
967 1281 1122 1330 remuneret

358 1361 389 1414 iu
405 1361 538 1428 menbris,
557 1362 698 1415 cinereae
716 1362 804 1416 multa
820 1362 888 1415 lutet
906 1361 1020 1416 obrutus
1038 1361 1119 1432 tpuis,

357 1447 433 1502 conde
451 1448 600 1515 reconflari
617 1463 714 1502 seusus
728 1464 782 1516 per
799 1447 920 1502 membra
937 1454 1051 1516 repeute

354 1539 452 1602 poscet,
471 1539 504 1587 ut
522 1549 556 1587 eu
574 1534 631 1603 spui
649 1549 727 1587 cucco
745 1549 907 1604 cousurpere
924 1533 1056 1604 flamma?

151 1659 234 1723 hanc
256 1657 355 1738 igitur
377 1655 549 1739 imaginem
573 1656 705 1722 Ovidius
727 1657 859 1740 perbene
882 1658 915 1722 in
937 1677 1030 1723 usum
1052 1677 1145 1723 snum
1160 1657 1337 1739 arcessivit,

152 1780 223 1827 cum
247 1759 286 1824 A.
310 1758 347 1824 A.
374 1757 489 1822 11439
512 1778 579 1842 sqq.
603 1758 698 1823 tironi
721 1759 755 1823 in
777 1777 892 1862 amore,
917 1759 970 1843 qni
994 1762 1133 1843 puellam
1148 1760 1211 1825 sibi
1227 1761 1338 1826 devin-

151 1866 215 1931 cire
239 1864 315 1946 volt,
339 1863 398 1929 hoc
421 1862 477 1928 dat
499 1864 683 1928 consilium:

362 2008 395 2056 ut
413 2003 478 2056 leuis
496 2003 647 2071 absumptis
661 2003 802 2070 paulatim
821 2003 924 2058 ciratus
943 2004 1014 2074 uass

408 2089 467 2158 ipse
485 2089 559 2154 latet,
578 2105 682 2143 summo
701 2095 781 2143 ccuet
799 2090 830 2142 c'u
848 2091 913 2159 ipue
931 2091 1009 2156 eiuro,

357 2175 405 2229 sed
424 2181 516 2229 tamea
535 2177 671 2230 extinctus
688 2175 798 2231 admoto
817 2178 948 2246 sulphure
965 2177 1088 2246 pammac

409 2261 523 2325 incenit,
542 2268 568 2316 et
584 2263 677 2316 lumea
695 2262 767 2331 quod
785 2262 843 2328 fuit
861 2269 927 2318 cute
945 2263 1032 2317 redit:

357 2350 403 2414 sic,
422 2350 470 2403 ubi
484 2351 569 2419 pipra
586 2350 644 2403 utu
661 2365 811 2418 securaque
828 2357 941 2418 pectora
959 2356 1076 2417 torpent,

408 2437 518 2490 acribus
537 2443 577 2491 cst
593 2437 712 2491 diruatis
730 2436 881 2491 eliciendus
899 2453 985 2501 autor,

152 2560 183 2622 ct
204 2557 295 2623 Rem.
319 2577 348 2622 v.
374 2559 432 2622 731
460 2577 527 2641 sqq.
551 2557 720 2624 infeliciter
744 2559 865 2624 amanti
881 2559 1001 2639 suadet,
1025 2577 1045 2622 u
1077 2576 1203 2623 causam
1220 2558 1336 2624 amoris

152 2661 199 2725 sui
223 2660 320 2741 vitet3
344 2680 434 2740 nam:

356 2804 389 2852 ut
401 2814 493 2866 paene
511 2798 662 2864 extinctum
679 2799 798 2852 cinerem
815 2799 840 2851 sc'
856 2799 987 2865 sulphure
1006 2803 1118 2867 ccupas,

408 2885 478 2938 uiuet
497 2890 523 2938 et
541 2900 555 2937 e
573 2885 684 2938 miuc'mo
702 2885 839 2938 enauimus
856 2885 929 2953 ipuu's
947 2886 1007 2949 erit,

274 2997 279 3006 ·
356 2971 403 3031 sic,
422 2971 477 3024 uisi
494 2971 592 3024 octaris
609 2969 744 3040 quidquid
761 2971 901 3025 renovabit
920 2987 1048 3035 acumem,

407 3057 516 3124 pumma
534 3057 714 3121 redardescet,
732 3074 803 3126 perae
820 3057 898 3111 modo
916 3058 994 3110 uultu
1011 3056 1076 3122 fuit.

149 3179 207 3243 has
230 3197 352 3262 quoque
385 3178 540 3262 imagines
563 3177 731 3244 Ouidianss
767 3179 794 3244 si
828 3181 1055 3262 comparaveris
1090 3199 1162 3244 cum
1195 3179 1334 3244 Lucretii

149 3282 355 3347 similitudine
368 3301 460 3364 supra
471 3282 637 3364 proposita,
648 3284 730 3346 nunde
741 3283 814 3348 illae
826 3283 944 3364 petitae
954 3283 1027 3361 sint,
1038 3288 1147 3365 sponte
1155 3281 1332 3365 adparebit.

149 3407 222 3452 nam
246 3384 372 3450 etiamsi
397 3385 558 3463 vocabula,
583 3404 661 3468 quse
683 3386 732 3451 his
756 3387 833 3451 locis
857 3388 1139 3464 communicem,
1164 3385 1335 3450 tritissima

149 3495 242 3574 atque
266 3489 473 3556 usitatissima
497 3508 563 3554 esse
587 3493 683 3571 patct,
720 3492 826 3554 tumen
861 3492 912 3554 vix
946 3508 1021 3555 casu
1056 3490 1190 3572 quodam
1213 3489 1331 3554 facturn

150 3614 218 3660 esse
240 3593 375 3671 videtur,
407 3596 442 3658 ut
466 3594 590 3658 easdem
614 3613 703 3658 voces
740 3596 870 3675 uterque
905 3599 997 3675 poeta
1025 3593 1057 3658 iu
1080 3612 1142 3657 una
1165 3593 1333 3674 eademque

150 3699 359 3781 descriptione
383 3696 573 3763 adhibuerit.
608 3699 773 3779 praeterea
806 3702 985 3763 memoratu
1009 3696 1140 3782 dignum
1163 3700 1212 3761 est
1235 3696 1333 3760 etiam

151 3804 192 3882 id,
217 3803 299 3885 quod
322 3803 353 3866 in
377 3801 477 3884 priore
500 3802 636 3884 imagine
660 3804 822 3885 tamquam
846 3803 1002 3865 residuum
1026 3801 1120 3866 habes
1144 3801 1209 3864 eius
1225 3799 1332 3863 imita-

89 3910 93 3920 '
150 3907 255 3984 tionis,
291 3925 385 3988 qnam
407 3924 501 3988 supra
524 3907 703 3986 statuimus,
738 3907 805 3970 dico
829 3904 1035 3969 ‘admovendi’
1058 3905 1187 3970 verbum
1210 3921 1245 3966 er
1268 3903 1333 3966 Lu·

151 4010 241 4076 cretii
258 4009 475 4090 descriptione,
494 4027 573 4091 quae
587 4009 625 4075 ad
638 4011 797 4074 taedarum
815 4009 919 4090 ignem
933 4009 1078 4091 pertinet,
1102 4007 1330 4089 depromptum.

253 4128 398 4195 Ceterum
422 4129 564 4209 Ovidius,
589 4133 625 4193 ut
648 4131 737 4206 solet,
761 4128 932 4210 imaginem
956 4129 1045 4194 illam
1069 4127 1188 4210 duplici
1209 4127 1332 4193 ratione

152 4233 282 4300 variavit
306 4233 401 4298 Trist.
425 4233 472 4298 IV
496 4235 525 4311 5,
550 4233 592 4312 4.,
617 4251 676 4316 quo
701 4234 767 4298 loco
790 4235 880 4316 poeta
903 4234 972 4298 erul
995 4234 1111 4299 fatetur
1134 4252 1166 4297 sc
1181 4232 1333 4314 'alloquiis

151 4357 243 4404 amrcr
267 4357 315 4404 sur
338 4355 504 4402 revrxnsse:

406 4463 439 4512 ut
456 4458 519 4528 uc'pd
537 4456 634 4523 iufusc
648 4456 761 4526 pallade
778 4457 888 4525 damma
905 4457 979 4522 solu,

150 4568 180 4630 et
193 4563 270 4628 Met.
287 4563 350 4628 VII
367 4563 407 4626 79
423 4582 500 4646 sqq,
519 4565 574 4628 nbi
592 4564 720 4628 Medeae
736 4583 822 4628 amor
838 4563 922 4627 hunc
939 4563 970 4626 in
986 4563 1113 4626 modum
1126 4561 1332 4628 describitur:
