3370 5134
818 518 1052 583 -rro-

546 704 585 760 eie
603 720 650 776 eqo
669 704 804 774 belligeris
822 721 840 758 u
856 705 983 774 pentibus
1000 705 1123 774 untdique
1139 712 1252 774 saeptum

600 796 711 857 terreor,
730 792 803 846 boote
820 807 909 846 meum
922 807 1013 860 paene
1027 798 1169 860 premente
1186 793 1269 848 latus.

341 900 470 973 ceteras,
495 914 572 980 quae
595 895 656 962 huc
678 899 836 980 pertinent
858 897 1011 980 imagines
1034 915 1129 978 quam
1144 895 1328 964 brevissime
1345 897 1531 980 significabo

340 999 388 1064 his
411 997 516 1082 siglis:
540 1001 579 1066 A.
604 1001 641 1066 A.
664 1001 680 1066 Ι
706 999 777 1077 118,
800 1000 877 1066 Μ61.
894 999 920 1080 V
937 999 1000 1064 626
1016 1020 1093 1084 sqq..
1118 999 1162 1064 Vl
1178 1001 1241 1066 527
1259 1019 1312 1082 sq..
1328 1003 1376 1066 XI
1392 1000 1452 1064 111
1469 1019 1528 1082 sq..

340 1101 425 1166 Fast.
443 1101 493 1165 llI
515 1104 587 1168 646.
612 1103 785 1186 elegantior
808 1107 853 1168 est
877 1104 1052 1168 similitudo
1075 1104 1107 1168 in
1131 1103 1207 1169 Met.
1230 1105 1277 1170 Xl
1301 1104 1342 1170 25
1364 1124 1441 1187 sqq..
1465 1123 1532 1188 qua

341 1205 508 1271 mulierum
532 1207 668 1290 impetus
692 1209 722 1272 in
746 1206 903 1289 Orpheum
926 1207 1129 1274 describitur:

753 1349 911 1412 structaque
928 1345 1065 1413 utrimque
1083 1346 1189 1399 tteeutro

548 1445 597 1484 ceu
614 1431 755 1486 matutina
773 1446 871 1488 ceraue
885 1432 1032 1498 periturus
1049 1433 1156 1486 tarem

544 1515 653 1584 praeda
672 1533 773 1571 cauum
792 1523 839 1581 est,
858 1523 999 1586 vatemque
1016 1524 1115 1586 petumt
1134 1524 1159 1572 et
1176 1517 1278 1583 froude
1297 1519 1419 1574 memus

549 1603 687 1656 comiciam
705 1604 811 1672 thyrsos
828 1620 885 1657 uon
902 1605 971 1658 lrcec
989 1605 1021 1657 im
1037 1621 1156 1660 munera
1173 1605 1270 1671 tactos.

344 1741 405 1806 666
427 1722 562 1808 imagine
586 1727 804 1808 comprobatur
820 1726 968 1792 Ovidium
990 1728 1153 1793 assiduum
1177 1729 1381 1794 venationum
1396 1727 1431 1808 in
1446 1726 1534 1791 circo

343 1827 551 1907 spectatorem
573 1829 670 1893 tuisse
696 1829 746 1911 (ef.
770 1851 801 1913 p.
821 1832 907 1912 139).

344 2049 360 2114 1
419 1948 490 2113 266
513 1949 594 2014 vitae
617 1951 791 2016 cotidianae
815 1972 871 2016 usu
906 1953 1107 2036 depromptae
1142 1953 1216 2017 sunt
1244 1951 1398 2035 imagines
1423 1952 1463 2015 A.
1488 1950 1532 2017 A.

362 2050 396 2113 ll
441 2052 482 2116 89
505 2071 565 2134 sq.:

549 2171 599 2224 itta
616 2178 696 2225 semet
714 2190 830 2226 raucum
848 2174 979 2242 quiddam
998 2179 1079 2242 atque
1096 2175 1246 2228 inamabile
1265 2173 1347 2242 ridet,

598 2264 631 2310 ut
648 2258 727 2312 rudit
745 2277 763 2312 a
780 2260 877 2313 seubm
895 2261 986 2328 turpis
1003 2261 1087 2314 osella
1104 2261 1183 2324 neela,

344 2380 379 2426 er
403 2362 438 2426 P.
462 2360 563 2434 1113,
590 2365 647 2428 101
673 2383 733 2446 sq.:

550 2481 627 2547 liuor,
646 2483 720 2535 iners
738 2483 842 2544 uitium,
861 2479 948 2536 meree
965 2500 1022 2537 mou
1040 2484 1095 2537 ecit
1113 2484 1145 2538 im
1163 2484 1239 2545 altos,

600 2572 683 2634 utque
701 2568 790 2621 lateus
807 2569 863 2621 ima
881 2569 978 2637 uipera
995 2570 1080 2636 serpit
1096 2570 1184 2634 trumo,

344 2689 404 2754 qno
421 2689 491 2735 cum
505 2671 570 2737 loco
583 2673 715 2737 conferri
727 2675 860 2755 quodam
877 2678 968 2740 modo
979 2677 1081 2756 potest
1094 2673 1188 2757 Verg,
1201 2673 1316 2756 Georg.
1330 2673 1380 2738 lll
1395 2673 1460 2740 416
1474 2693 1534 2758 sq..

345 2773 476 2856 denique
499 2794 535 2838 ex
551 2776 618 2840 Ρ.Ι
644 2777 671 2852 1,
695 2775 736 2840 69
757 2796 834 2859 sqq..
859 2779 912 2842 ubi
941 2782 1034 2860 poeta
1057 2797 1144 2842 curas
1168 2779 1345 2842 mordentes
1369 2781 1536 2859 comparat

345 2897 416 2942 eum
431 2879 578 2958 teredine
603 2881 724 2944 occulta
747 2884 834 2945 navis
858 2882 990 2946 uitiante
1014 2887 1045 2946 et
1068 2883 1153 2947 tinea
1176 2883 1274 2948 libros
1298 2882 1453 2964 carpente.

447 2999 523 3062 Met.
546 2999 606 3063 XV
628 3000 692 3064 3o3
708 3019 773 3082 sqq.
795 2999 925 3065 Ovidius
944 3003 1108 3079 rationem,
1127 3021 1187 3084 qua
1203 3003 1345 3066 tumulus
1364 3001 1403 3066 ad
1420 3001 1532 3066 urbem

346 3101 501 3167 Troezena
524 3105 609 3167 venti
633 3104 795 3184 eruptione
820 3105 918 3168 luctus
941 3106 992 3181 sit,
1017 3104 1066 3169 his
1090 3105 1236 3169 describit
1258 3105 1471 3188 imaginibus:

550 3221 592 3274 uis
608 3220 672 3286 feru
690 3228 833 3275 uentorum

550 3313 688 3360 extentam
707 3307 847 3373 tumefecit
864 3309 985 3376 buricum,
1003 3325 1052 3363 ceu
1070 3309 1188 3376 spiritus
1206 3310 1261 3362 eres

551 3393 662 3446 tendere
680 3395 794 3447 uesicam
810 3395 877 3448 solet
895 3399 945 3448 aut
962 3393 1072 3462 direpta
1090 3394 1211 3447 bicornis

551 3484 627 3548 terpa
647 3480 734 3546 capri.

345 3603 381 3648 ex
404 3583 515 3666 quibus
537 3584 672 3667 priorem
695 3584 734 3648 ad
757 3584 898 3649 Lucretii
920 3585 1025 3650 locum
1054 3587 1152 3650 redire
1180 3586 1245 3649 iam
1272 3604 1367 3666 snpra
1400 3588 1443 3669 (p.
1474 3584 1533 3668 92>

346 3689 555 3752 demonstrare
577 3690 763 3769 studuimus,
788 3689 920 3752 alteram
936 3686 1066 3752 Ovidius
1091 3689 1181 3753 166116
1205 3707 1239 3753 er
1255 3689 1338 3754 vitae
1356 3690 1533 3756 cotidianae

345 3809 404 3855 666
427 3793 564 3873 repetere
587 3789 699 3873 potuit.
724 3793 817 3874 atque
840 3790 922 3854 idem
946 3791 1010 3854 fere
1034 3790 1220 3856 contendere
1242 3791 1316 3856 licet
1339 3793 1375 3856 de
1392 3793 1531 3874 imagine

345 3893 421 3957 1161.
447 3892 606 3971 Χ11481,
629 3895 683 3960 611
710 3895 815 3961 Latrei
845 3894 937 3960 hasta
960 3913 979 3958 a
1001 3892 1124 3960 Caenei
1142 3893 1222 3961 16616
1251 3913 1379 3960 recussa
1402 3914 1530 3980 compa·

345 4000 434 4062 ratur
457 4014 526 4064 curn
549 4015 646 4080 parvo
668 4016 738 4064 saxo
761 4017 779 4063 a
805 4015 879 4063 cavo
902 4000 1053 4081 tympano
1076 3997 1247 4064 resiliente.

448 4115 623 4184 Recensitis
646 4116 837 4201 imaginibus
860 4137 895 4182 er
918 4117 1108 4184 animalibus
1132 4117 1257 4200 petitia,
1287 4118 1350 4185 iam
1377 4117 1531 4190 similitu·

346 4219 443 4304 dines,
468 4239 544 4304 quae
567 4221 606 4298 ad
638 4221 738 4286 varias
769 4220 893 4303 plantes
923 4221 1090 4304 pertinent,
1115 4221 1343 4286 enumerentur.
1378 4223 1472 4305 atque
1495 4227 1532 4286 nt

346 4326 385 4390 ab
420 4324 581 4390 arboribus
614 4323 744 4388 initium
777 4324 939 4402 faciamus,
974 4325 1049 4390 Met.
1073 4324 1188 4390 11118
1212 4326 1359 4396 narratur
1392 4343 1529 4406 serpens,

347 4446 438 4510 quam
464 4426 597 4492 Cadmus
631 4428 796 4510 adgressus
820 4429 877 4503 est,
904 4427 1007 4512 ‘longa
1028 4427 1123 4494 trabe'
1160 4429 1273 4492 rectior
1295 4427 1474 4510 surrexisse,
1498 4432 1531 4490 et

346 4531 441 4594 Trist.
466 4530 534 4608 16,
557 4531 578 4595 5
601 4529 710 4596 166161
733 4529 817 4596 Naso
850 4530 941 4596 fidem
973 4531 1076 4611 amici,
1111 4533 1201 4596 cuius
1236 4549 1293 4613 ope
1325 4531 1441 4596 fultam
1465 4548 1529 4595 esse
