3366 5132
588 547 802 612 ..53-

424 789 426 794 ,
513 734 599 788 uitam
616 735 775 789 tractabant
793 750 867 790 more
885 736 1019 802 ferarum.

102 858 195 921 quem
219 839 324 903 locum
345 837 426 902 mihi
448 840 600 921 respicere
623 839 747 906 videtur
769 838 916 920 Ovidius,
950 859 1021 906 cum
1044 845 1119 909 Met.
1142 844 1201 910 XV
1223 845 1287 910 222

100 942 313 1025 Pythagoram
338 943 375 1006 de
398 942 518 1008 infante
541 943 623 1007 hanc
645 943 854 1026 proferentem
876 944 954 1010 iacit
976 948 1160 1030 imaginem:

309 1079 375 1117 mccc
391 1062 551 1132 quadrupes
568 1063 681 1132 rituque
699 1063 765 1117 tulit
782 1081 835 1118 suu
852 1065 971 1118 crtembru
987 1066 1155 1134 ferarum.¹⁸)

105 1186 299 1251 quamquem
328 1170 434 1234 antem
464 1169 547 1232 inter
577 1167 682 1234 Ovidii
713 1173 744 1234 et
767 1170 905 1236 Lucretii
936 1172 1019 1237 locos
1042 1173 1101 1236 hoc
1122 1173 1289 1238 intercedit

102 1271 281 1353 discrimen,
305 1272 491 1353 quodcum
514 1271 566 1336 hic
593 1272 834 1339 similitudinem
864 1273 955 1339 illam
980 1276 1016 1339 dc
1048 1276 1159 1359 primis
1188 1276 1287 1341 homi-

103 1375 197 1440 nibus
214 1377 419 1457 usurpaverit,
436 1376 491 1440 ille
509 1377 639 1441 eandem
656 1377 695 1441 ad
710 1377 878 1443 infantium
895 1378 1106 1443 condicionem
1127 1380 1287 1446 illustran-

104 1483 176 1544 dum
212 1477 372 1554 adhibuit,
407 1469 507 1560 neque
540 1480 648 1561 negari
682 1482 786 1562 potest
819 1481 993 1566 imaginem
1027 1483 1066 1547 ab
1101 1483 1288 1550 animalibus

105 1583 339 1664 depromptam,
375 1601 435 1664 qna
468 1582 631 1647 hominum
656 1583 759 1650 variae
783 1586 976 1650 condiciones
1011 1587 1212 1652 illustrantur
1235 1592 1288 1654 ad-

103 1686 234 1750 modum
257 1686 367 1749 tritam
390 1687 423 1750 et
444 1688 663 1770 pervulgatam
679 1707 756 1766 esse,
780 1689 879 1754 nihilo
894 1692 999 1756 minus
1016 1689 1162 1756 Ovidium
1185 1693 1288 1758 verbis

105 1790 177 1855 ‘ritu
196 1790 340 1855 ferarum'
357 1789 436 1854 illud
454 1791 679 1857 Lucretianum
694 1787 790 1858 ‘more
806 1794 950 1860 ierarnm'
970 1797 1140 1878 exprimere
1155 1798 1289 1864 voluisse

101 1894 174 1958 inde
198 1894 265 1958 iure
289 1895 437 1977 colligere
460 1895 541 1961 mihi
564 1895 680 1975 videor,
705 1900 786 1978 quod
811 1900 937 1963 omnino
962 1900 1029 1964 tota
1044 1899 1108 1965 fere
1125 1901 1289 1984 descriptio

102 1998 258 2079 pristinae
281 1999 475 2063 condicionis
498 2001 663 2082 humanae,
688 2002 789 2084 qualis
813 2003 895 2085 apud
919 2003 1103 2070 Lucretium
1124 2005 1158 2070 in
1181 2004 1289 2071 eodem

102 2102 183 2166 libro
205 2103 362 2185 sequitur,
396 2106 434 2169 ad
460 2107 611 2170 amussim
635 2105 699 2170 fere
732 2109 898 2188 respondet
921 2106 979 2187 eis,
1016 2127 1095 2190 quae
1117 2110 1157 2174 ab
1180 2108 1290 2175 Ouidio

103 2205 269 2270 decadem
290 2225 322 2271 re
345 2206 557 2287 proferuntur.

204 2308 265 2374 Ille
288 2311 372 2374 enim
395 2311 467 2377 inde
491 2331 509 2376 a
531 2330 561 2376 v.
587 2313 650 2378 955
672 2331 739 2394 sqq.
763 2314 937 2395 primorum
953 2314 1117 2380 hominum
1132 2315 1290 2380 domicilia

104 2411 149 2475 sic
172 2411 341 2477 describit:

308 2515 356 2569 sed
373 2533 486 2570 uemnru
504 2523 586 2586 atque
605 2534 682 2572 curos
700 2521 798 2573 moutts
815 2519 951 2588 sucusque
968 2520 1099 2586 cotebuut,

309 2609 335 2656 et
352 2602 469 2666 frutices
486 2605 561 2658 iuter
579 2604 728 2660 coudebuut
745 2605 876 2673 squalida
893 2607 1019 2672 membra,

308 2691 419 2743 uerbera
437 2697 583 2745 acutorum
600 2693 690 2746 uitare
708 2692 857 2759 imbrisque
875 2693 971 2745 coacti.

104 2794 236 2858 quocum
259 2795 386 2858 prorsus
409 2781 563 2844 consentit
587 2779 719 2846 Ovidius
742 2781 816 2845 Met.
842 2780 857 2843 I
882 2779 943 2842 119
968 2799 1049 2862 sqq.:

309 2885 365 2934 tum
378 2882 503 2949 primum
521 2882 601 2936 siccis
619 2887 667 2938 atr
684 2882 838 2948 feruoribus
856 2888 934 2936 ustus

308 2967 423 3022 cauduit
442 2975 468 3022 et
485 2970 573 3024 ocutis
590 2969 690 3038 pluries
707 2969 841 3022 adstricta
855 2969 998 3038 pepeudr't.
1090 2968 1107 3013 ἰ

308 3059 366 3108 tum
380 3055 504 3122 primum
521 3056 627 3109 subtere
645 3057 749 3110 domus.
769 3056 866 3110 doruus
885 3062 970 3110 autre
987 3057 1106 3123 fueruat

309 3146 335 3194 et
353 3140 431 3194 deust
447 3141 563 3207 frutices
581 3147 607 3195 et
624 3143 732 3196 cinctae
750 3144 849 3197 cortice
867 3143 969 3212 uirpue.

104 3263 180 3326 quos
205 3243 289 3310 locos
312 3246 340 3309 si
362 3246 446 3311 inter
468 3266 501 3311 se
525 3248 676 3325 conferas,
704 3250 793 3331 patet
815 3249 964 3316 Ovidium
987 3267 1048 3314 non
1072 3250 1136 3313 sine
1159 3247 1290 3313 artificio

105 3366 252 3412 versuum
275 3347 492 3430 aequabilitati
516 3351 691 3434 studuisse,
715 3353 823 3434 utpote
852 3351 978 3416 numid
1007 3352 1126 3417 duobus
1150 3350 1291 3415 versibus

107 3449 182 3533 (119
206 3451 264 3532 sq.)
291 3451 490 3533 expresserit,
527 3453 609 3535 qnod
632 3471 694 3518 uno
730 3456 773 3536 (v.
796 3455 871 3536 957)
908 3455 1082 3519 absolverat
1116 3452 1289 3518 Lucretius.

105 3555 197 3637 atque
233 3555 333 3634 primo
367 3553 481 3620 obtutu
504 3555 635 3621 tortasse
658 3573 720 3622 non
748 3557 931 3640 intelleges,
967 3575 1026 3638 quo
1059 3558 1149 3621 modo
1183 3571 1290 3621 sensns

106 3658 216 3739 prioris
233 3656 359 3722 distichi
376 3657 531 3741 Ouidiani,
548 3662 617 3741 post
634 3660 716 3742 quod
731 3661 865 3724 editores
881 3659 1005 3743 plenius
1020 3660 1289 3740 interpnmrerunt,

107 3760 271 3825 cohaereat
293 3779 365 3826 cum
382 3761 502 3827 duobus
517 3761 661 3827 versibus
677 3762 956 3844 subseqnentibus.
980 3761 1033 3826 sed
1050 3779 1097 3840 ea,
1116 3781 1193 3844 quae
1210 3764 1291 3845 apud

107 3863 290 3928 Lucretium
323 3864 488 3946 leguntur,
522 3867 701 3932 contextum
733 3866 798 3931 loci
821 3865 968 3931 Ouidiani
1001 3863 1072 3930 ilico
1110 3864 1289 3947 explanant.

106 3986 215 4052 nempe
238 3970 403 4033 ventorum
427 3969 610 4034 verberant
638 3968 754 4034 imbres
785 3974 818 4035 ct
846 3969 963 4052 glacies
992 3969 1146 4033 adstricta
1173 3969 1289 4050 primos

107 4069 247 4136 homines
269 4073 437 4155 coegerunt
459 4091 552 4138 caros
569 4075 692 4139 montes
715 4074 767 4139 vel
782 4109 824 4121 ·-
841 4077 876 4138 nt
892 4071 1025 4138 Ovidius
1049 4070 1127 4137 dicit
1143 4107 1176 4120 ·-
1201 4075 1292 4138 antra

109 4178 138 4237 ct
159 4173 264 4254 silves,
288 4193 367 4257 quae
390 4176 492 4258 prima
515 4176 676 4242 domicilia
698 4177 836 4256 fuerunt,
859 4176 973 4241 subire.

207 4274 241 4341 Si
263 4295 352 4360 porro
386 4278 552 4344 hominum
585 4281 792 4362 pristinorum
826 4279 1089 4362 agriculturam,
1125 4276 1227 4362 qualis
1249 4278 1290 4344 ab

110 4380 239 4461 utroque
273 4382 364 4461 poeta
397 4381 596 4462 describitur,
620 4385 812 4466 spectamus,
848 4400 909 4448 non
931 4388 1036 4465 potest
1073 4400 1129 4447 nos
1154 4382 1292 4466 effugere

106 4513 309 4524 h—

209 4584 239 4652 ¹⁸)
258 4583 298 4639 Cf.
319 4585 397 4640 Lucr.
416 4585 456 4640 tv
476 4591 551 4651 1265,
570 4585 649 4642 ovid.
667 4585 731 4641 Met.
751 4585 803 4640 Vll
821 4590 881 4652 887,
900 4586 972 4642 Fast.
992 4586 1022 4640 11
1041 4590 1101 4641 291.
