3370 5134
638 527 681 538 —
729 493 788 557 1‘37
833 529 876 540 —

163 677 311 760 opinetur
333 677 378 744 ibi
401 698 522 762 quoque
544 684 651 746 tauros
673 686 849 765 pugnantes
864 683 1014 765 imaginis
1031 703 1159 750 munere
1175 684 1274 767 fungi,
1298 681 1350 749 hic

162 781 323 866 aliquanto
346 783 500 865 copiosius
522 788 660 850 tractare
683 784 769 850 licet.
794 785 852 852 hac
876 787 1015 851 enimin
1038 787 1140 870 elegia
1163 804 1349 854 commemo

159 889 230 950 rata
253 885 376 951 exultat
397 888 497 969 poeta,
522 889 604 970 qnod
626 887 728 954 amica
761 906 819 955 sua
851 889 971 971 potitus
1005 891 1058 970 sit,
1093 892 1125 956 et
1156 889 1232 956 dicit
1252 908 1283 956 v.
1308 889 1348 954 17

159 1007 292 1055 causam
314 988 390 1054 belli
413 989 462 1055 sui
486 992 669 1074 neutiquam
691 1009 806 1057 nouam
827 991 924 1058 fuisse
946 1011 1039 1058 nam:

674 1146 731 1200 misi
748 1151 831 1214 rupta
848 1145 945 1211 fuisset

421 1231 569 1303 Tyucicris,
588 1231 724 1301 Europae
738 1247 803 1300 pua·
819 1233 956 1300 Asiaeque
972 1232 1051 1299 foret.

319 1327 322 1336 ⁴
364 1317 472 1386 femina
490 1319 622 1373 siluestris
641 1319 778 1386 Lapithos
792 1319 983 1388 populumque
1002 1319 1175 1376 bimembrem

271 1415 277 1436 ¹*
309 1407 349 1460 20
418 1405 541 1475 turpiter
558 1405 686 1475 adposito
704 1406 787 1460 uertit
804 1405 836 1459 im
853 1421 932 1460 amaa
949 1422 1030 1461 mero.

365 1489 474 1557 semum
495 1491 629 1546 Troianos
646 1491 747 1545 iterum
765 1506 839 1544 uoco
856 1490 928 1544 betta
944 1483 1050 1546 mouere

416 1578 527 1646 impulit
544 1578 576 1632 im
594 1591 689 1647 repub,
708 1577 779 1630 iuste
797 1576 910 1641 Latiae,
929 1582 985 1631 tuo.

298 1650 305 1682 ²
364 1665 471 1731 femimu
489 1664 624 1720 Romomis
641 1665 725 1718 etiam
742 1679 819 1718 uuuc
843 1663 914 1718 Urbe
931 1666 1032 1719 receati

414 1751 522 1806 immisit
539 1766 643 1806 soceros
661 1765 792 1818 armoque
809 1765 891 1805 saeuo
909 1750 992 1806 dedit.

307 1838 346 1891 25
363 1836 421 1892 uidi
440 1853 487 1908 epo
502 1853 557 1906 pro
574 1836 656 1891 micea
670 1841 830 1906 pupmautcs
848 1837 965 1907 coniuge
982 1842 1092 1892 tauros:

416 1923 567 1992 spectatrix
585 1923 691 1978 amimea
708 1923 771 1990 ipsc
788 1923 906 1978 iucemcc
921 1922 1014 1978 dabat.

362 2025 405 2063 me
422 2025 536 2079 quoque,
554 2009 602 2078 qui
619 2009 728 2074 multos,
746 2009 795 2064 sert
812 2025 854 2064 me
871 2010 931 2063 siue
949 2008 1041 2076 coede,
1064 2008 1173 2078 Cupido

414 2096 497 2150 iussit
514 2096 630 2150 militiae
648 2095 729 2166 siqua
745 2111 853 2149 mouere
869 2111 943 2149 suae.

156 2235 211 2318 qui
234 2236 322 2301 locus
344 2235 476 2301 eandem
497 2239 611 2300 sortem
636 2236 782 2319 expertus
805 2242 863 2314 est,
898 2255 976 2319 quae
1010 2237 1127 2301 mirum
1161 2235 1195 2301 in
1217 2236 1346 2300 modum

155 2341 267 2406 multis
291 2340 361 2404 aliis
384 2339 641 2423 descriptionibus
658 2339 798 2404 eiusdem
820 2340 945 2424 generis
968 2339 1092 2415 accidit,
1116 2358 1189 2404 cum
1212 2337 1342 2421 quidam

156 2444 304 2510 Ouidium
326 2443 406 2509 hanc
429 2445 540 2520 totam,
564 2462 659 2526 quam
681 2443 842 2525 adscripsi,
866 2442 1109 2525 descriptionem
1140 2443 1209 2509 ideo
1231 2442 1345 2523 protu-

155 2548 230 2613 lisse
253 2546 479 2632 existimarent,
503 2548 540 2613 ut
555 2565 645 2612 suam
661 2547 810 2612 militiam
825 2547 1009 2614 illustraret
1032 2566 1094 2629 qua
1111 2565 1145 2612 re
1162 2546 1260 2611 etiam
1276 2562 1346 2610 eam

154 2654 294 2734 partem,
332 2669 410 2733 quae
433 2650 473 2716 ad
496 2653 603 2717 tauros
625 2654 802 2734 pugnantes
825 2649 978 2733 pertinet,
1013 2649 1072 2716 hoc
1102 2650 1170 2715 loco
1193 2647 1343 2731 imaginis

154 2772 285 2819 munere
305 2753 397 2837 fungi
419 2753 639 2837 opinabantur.
661 2754 717 2818 sed
739 2754 927 2835 quicumque
953 2753 1150 2836 aliquatenus
1165 2751 1198 2818 in
1214 2770 1343 2818 sensum

155 2859 256 2923 totius
278 2856 496 2940 descriptionis
515 2857 736 2944 inquisiverit,
759 2858 898 2940 profecto
929 2856 1070 2922 inveniet
1092 2854 1242 2922 Ouidium
1271 2855 1345 2922 iude

154 2981 174 3026 a
195 2980 225 3026 v.
250 2961 376 3027 17-26
400 2961 543 3045 exempla
563 2960 741 3044 protulisse,
777 2960 890 3042 quibus
915 2960 1091 3026 ostenderet
1122 2977 1247 3026 causam
1269 2958 1370 3024 belli·

93 3091 95 3096 ·
154 3064 206 3131 sui
241 3068 426 3148 neutiquam
458 3083 575 3130 nouam
609 3066 703 3147 atque
738 3064 896 3129 insolitem
931 3082 1009 3130 esse.
1045 3066 1078 3129 et
1111 3063 1161 3128 his
1196 3063 1344 3146 exemplis

155 3167 264 3234 allatis
286 3169 351 3233 iam
373 3169 518 3252 adiungit
541 3187 574 3232 se
596 3185 744 3250 prospera
766 3168 893 3232 fortuna
922 3185 1016 3232 usum
1036 3167 1103 3232 sine
1126 3167 1219 3232 caede
1241 3167 1342 3233 amica

155 3291 214 3340 sua
236 3271 375 3356 potitum
397 3290 472 3336 esse.
495 3273 602 3354 itaque
624 3290 688 3336 non
709 3289 832 3355 pugnae
855 3269 1066 3335 illustrandae
1093 3287 1187 3336 causa
1209 3269 1340 3336 Ouidius

154 3377 264 3441 tauros
286 3377 462 3460 pugnantes
486 3379 519 3441 et
548 3375 671 3458 reliqua
701 3394 779 3458 quae
810 3374 999 3439 antecedunt
1029 3374 1170 3456 exempla
1198 3374 1342 3456 protulit,

156 3482 212 3546 sed
234 3483 271 3546 ut
296 3481 463 3547 discrimen
480 3480 667 3562 ostenderet,
684 3479 765 3560 quod
783 3478 868 3543 inter
883 3495 973 3542 suam
986 3478 1088 3560 ipsam
1103 3479 1136 3541 et
1150 3477 1343 3558 reliquorum

154 3583 316 3650 fortunam
330 3584 545 3650 intercederet.
564 3567 596 3648 et
612 3583 685 3649 licet
700 3581 782 3646 illud
797 3599 959 3646 sumamus
975 3583 1150 3646 extremum
1164 3581 1343 3662 exemplum

155 3685 193 3750 de
216 3688 318 3754 tauris
339 3687 565 3772 pugnantibus,
588 3686 702 3769 quippe
726 3685 808 3768 quod
837 3685 942 3750 eadem
976 3685 1099 3749 ratione
1121 3702 1215 3767 quam
1237 3681 1341 3766 imago

154 3807 252 3873 snpra
272 3792 430 3875 proposita
453 3792 546 3856 uerbo
572 3788 657 3854 ‘vidi'
680 3791 854 3864 inducatur,
889 3787 1111 3854 secernendum
1134 3806 1200 3852 esse
1223 3787 1262 3868 ab
1287 3786 1342 3866 eis,

157 3914 236 3978 quae
259 3896 458 3972 antecedunt,
492 3895 642 3976 exemplis
671 3899 765 3976 atque
800 3891 1049 3976 coniungendam
1084 3910 1156 3956 curn
1190 3890 1341 3974 proximis

156 3997 311 4076 uersibus,
334 3999 389 4082 qui
410 3998 449 4063 ad
467 3997 565 4081 ipsius
580 3999 690 4081 poetae
705 3997 865 4062 fortunam
880 3995 1050 4081 pertinent,
1066 4000 1174 4062 tamen
1190 3997 1342 4060 concedas

154 4120 281 4168 necesse
303 4103 352 4167 est
366 4099 516 4167 Ovidium
537 4103 701 4166 taurorum
724 4100 910 4166 certantium
932 4100 1141 4181 descriptione
1156 4097 1342 4181 neutiquam

155 4223 247 4271 suam
269 4204 432 4289 pugnandi
453 4203 609 4269 rationem
630 4202 791 4267 illustrare
814 4201 962 4278 voluisse,
986 4201 1039 4267 sed
1061 4221 1116 4286 per
1139 4200 1342 4266 collationem

155 4311 282 4374 tantum
296 4308 468 4374 ostendisse
484 4306 548 4372 sibi
565 4317 686 4390 qnoque
701 4325 756 4388 per
771 4303 922 4370 militiam
940 4307 1079 4389 puellam
1097 4304 1339 4388 expugnandam

155 4411 262 4477 fuisse.
285 4428 358 4496 ergo
381 4410 506 4476 omnino
521 4410 559 4474 de
574 4409 724 4493 imagine,
749 4427 828 4493 quae
844 4406 1027 4475 illustrandi
1043 4427 1171 4474 munere
1186 4407 1338 4492 fungitur,

152 4515 241 4581 nullo
264 4519 356 4599 pacto
379 4512 510 4599 cogitari
533 4515 647 4595 potest.
