3366 5132
631 550 841 618 ...89-

145 757 242 821 quam
264 739 435 822 imaginem
457 736 628 803 Merkelius
650 738 694 819 et,
719 741 772 821 qui
794 742 866 822 post
889 759 962 806 eum
973 737 1243 823 Metamorphoses
1266 715 1331 805 edi-

144 842 273 923 derunt,
285 841 408 907 Riesius
431 843 462 906 et
477 841 616 908 Kornius
631 841 834 910 subdititiam
851 862 918 909 esee
935 843 1125 909 statuerunt.
1148 843 1204 908 sed
1218 859 1333 925 magna

144 948 229 1012 inter
252 945 335 1012 hune
356 945 462 1014 locum
485 948 518 1012 et
534 945 671 1012 Lucretii
694 965 803 1014 versus
828 949 889 1014 391
914 966 980 1031 sqq.
996 947 1072 1013 libri
1087 946 1218 1014 alterius
1233 944 1333 1012 inter·

143 1051 226 1116 cedit
249 1050 434 1116 similitudo.
458 1068 534 1133 quos
550 1067 657 1116 vorsus
673 1049 811 1117 hocloco
827 1070 996 1135 proponere
1012 1069 1074 1117 non
1090 1051 1129 1117 ab
1143 1070 1177 1116 re
1192 1049 1331 1116 alienum

143 1171 213 1219 esse
237 1155 397 1223 existimor
915 1209 919 1220 .

351 1262 377 1312 et
395 1257 519 1327 quamuis
535 1257 625 1312 sabito
639 1273 693 1326 per
711 1258 800 1313 colam
817 1259 884 1330 aiau
902 1257 1024 1312 uidemus

345 1343 500 1413 perticere:
519 1348 550 1396 at
567 1349 666 1398 coatru
683 1342 798 1398 turdum
815 1349 962 1398 canantur
980 1344 1084 1407 clivom,

350 1433 402 1484 eat
419 1430 492 1499 qaia,
511 1430 544 1483 eei
561 1431 669 1494 miram,
689 1430 837 1484 maturabas
854 1436 893 1484 eet
911 1430 1050 1485 clementie

350 1521 401 1570 uat
418 1517 503 1586 napo
521 1516 620 1571 ematis
638 1518 759 1570 interae
773 1532 879 1586 perque
893 1517 1018 1586 plicatis,

349 1606 430 1670 utque
447 1601 510 1656 ideo
527 1601 560 1668 fit
577 1602 622 1656 ati
638 1618 695 1655 aaa
712 1608 768 1656 tum
786 1602 901 1658 diducta
918 1609 1030 1671 repente

349 1689 425 1742 iuter
441 1703 470 1743 ee
486 1688 596 1756 poemat
608 1689 766 1758 primordia
782 1689 896 1759 mapula
912 1705 1035 1760 quaeqae

348 1775 462 1844 stapulo
478 1790 530 1842 per
549 1776 680 1844 caiusque
697 1775 840 1841 foramina
852 1791 1029 1845 permanare.

349 1860 403 1915 bac
421 1860 526 1915 aceedit
543 1862 588 1914 ati
605 1861 692 1916 aoeltie
711 1862 842 1931 lactr'sqae
860 1862 979 1930 liquores

351 1945 475 2001 iucundo
494 1962 578 2002 eeaeea
595 1947 710 2018 linquae
727 1953 885 2003 tractentur
902 1949 934 2002 ia
950 1964 1005 2003 ore.

141 2054 218 2102 nam
241 2035 420 2118 conspirant
441 2033 477 2099 hi
498 2035 561 2100 looi
584 2038 616 2101 et
637 2035 671 2101 in
693 2054 726 2100 re
747 2035 818 2119 ipsa
839 2037 871 2100 et
886 2037 920 2100 in
935 2036 1069 2120 singulis
1090 2033 1206 2112 verbis,
1231 2034 1333 2101 veluti

145 2139 228 2206 illud
250 2128 390 2205 ‘tardum
418 2137 592 2204 cunctatur’
622 2139 761 2221 proxime
789 2138 909 2204 accedit
936 2141 976 2205 ad
1008 2137 1196 2205 Ouidianum
1225 2136 1332 2203 ‘molle

139 2239 236 2321 nure,
260 2246 292 2309 et
317 2241 418 2309 ‘lactis
441 2241 589 2330 liquores’
611 2263 656 2323 ea,
687 2253 764 2328 qu'ae
787 2245 936 2329 leguntur
957 2244 991 2309 in
1015 2242 1138 2324 Ovidio,
1168 2243 1230 2310 ‘luo
1251 2243 1332 2309 solet

140 2351 219 2414 utve
241 2341 363 2431 liquor’,
393 2346 484 2412 nobis
507 2347 542 2412 in
564 2352 705 2412 mentem
727 2349 881 2414 revocant.
915 2346 994 2413 adde
1023 2347 1116 2431 quod,
1140 2365 1331 2432 quemqnam

140 2470 268 2517 summa
290 2451 403 2516 merito
425 2450 597 2517 auotoritas
613 2451 765 2518 tribuitur
780 2451 862 2518 libro
877 2451 1047 2528 Marciano,
1071 2454 1178 2518 tamen
1200 2460 1330 2516 resnou

140 2557 189 2622 ita
211 2554 375 2640 explorata
396 2555 452 2634 est,
475 2557 513 2620 nt
528 2572 644 2633 omnes,
668 2555 799 2637 quinon
816 2553 1199 2640 inMaroianoleguntur,
1223 2571 1330 2620 versus

140 2659 176 2724 in
199 2658 272 2725 aliis
293 2657 560 2741 libris-servatos,
589 2676 645 2742 pro
668 2658 847 2724 subdititiis
869 2658 1048 2725 habeamus.
1086 2676 1181 2740 quam
1203 2656 1242 2722 ob
1264 2675 1331 2722 rem

143 2767 335 2846 quamquam
370 2780 432 2829 non
461 2761 619 2827 affirmare
651 2762 749 2829 audeo
772 2760 828 2827 hos
851 2780 959 2828 versus
992 2781 1025 2827 re
1049 2779 1124 2828 vera
1157 2760 1196 2826 ab
1219 2757 1330 2827 Ouidio

142 2866 298 2948 profectos
320 2883 398 2944 esso,
421 2865 530 2930 tamen
554 2882 622 2930 eam
635 2884 702 2929 rem
718 2863 884 2949 posteriori
900 2863 1190 2948 Metamorphoseon
1207 2863 1330 2938 editori,

141 2969 198 3052 qui
219 2969 397 3035 accuratius
419 2969 452 3034 in
475 2969 602 3055 singule
625 2969 769 3036 codicum
791 2988 906 3054 genera
928 2965 1185 3052 inquisiverit’i),
1207 2967 1329 3050 discep-

142 3074 274 3138 tandam
295 3091 443 3157 propono.
467 3075 606 3138 certain
629 3073 679 3138 his
702 3074 844 3140 versibus
867 3072 946 3138 nihil
969 3076 1028 3153 est,
1060 3072 1142 3157 quod
1164 3075 1204 3140 ab
1226 3069 1331 3141 Ovidii

143 3174 273 3259 ingenio
295 3176 327 3242 et
347 3194 458 3259 genere
481 3175 606 3243 dicendi
628 3176 805 3244 abhorreat.
838 3179 936 3244 immo
966 3197 1039 3243 oum
1060 3177 1115 3244 ille
1137 3176 1328 3261 saepissime,

143 3296 222 3362 quae
243 3277 278 3343 in
300 3279 362 3345 alio
385 3279 523 3346 carmine
545 3279 676 3356 dixerat,
699 3282 732 3346 in
755 3279 817 3346 alio
839 3283 978 3364 repetere
1005 3281 1115 3362 soleat,
1146 3298 1207 3364 qua
1235 3282 1274 3352 de
1296 3299 1329 3344 re

140 3380 320 3466 disputarit
341 3381 533 3469 Zingerleus,
556 3383 603 3451 ita
624 3385 739 3469 tamen,
761 3385 808 3464 ut,
832 3403 909 3468 quae
932 3384 1081 3462 enotavit,
1110 3400 1148 3452 ex
1169 3401 1330 3449 commen·

144 3485 236 3552 tariis
257 3485 500 3554 Burmannianis
523 3488 617 3554 facile
640 3487 822 3570 amplificari
843 3488 983 3570 possint,
1012 3486 1246 3572 digerendi,
1276 3487 1327 3568 qui

142 3607 215 3654 cum
237 3587 315 3657 liet.
337 3589 401 3656 XII
416 3589 481 3656 438
500 3591 563 3673 ‘per
576 3593 671 3657 densa
685 3592 842 3657 foramina
855 3580 984 3676 spissus'
1001 3590 1189 3669 conferetur,
1204 3589 1329 3656 uidetur

142 3710 208 3758 esee
232 3708 342 3760 versus
364 3694 407 3761 89
429 3695 578 3762 carminis
599 3694 639 3762 de
656 3694 863 3764 medicamine
878 3696 980 3779 faciei,
1002 3695 1112 3779 inquo
1128 3693 1236 3760 eadem
1253 3692 1328 3768 iere,

140 3795 206 3880 ‘por
225 3797 323 3864 densa
344 3797 500 3864 foramina
521 3798 632 3880 earne,
656 3798 815 3885 leguntur.

245 3902 418 3986 Pergentes
452 3901 486 3967 in
518 3901 746 3986 perlustrandis
779 3902 968 3986 imaginibus
1003 3899 1181 3982 Ovidianis,
1215 3902 1328 3986 quibus

145 4005 228 4070 Naso
250 4004 390 4071 Lucretii
413 4007 568 4090 spectarit
590 4008 829 4085 auctoritatem,
860 4005 1051 4072 incurrimus
1083 4004 1117 4071 in
1151 4006 1327 4088 exemplum

145 4109 342 4192 imitationis,
359 4112 441 4194 quod
455 4109 489 4175 id
500 4112 664 4193 praecipue
676 4112 769 4177 habet
779 4110 951 4194 proprium,
967 4110 1049 4193 quod
1061 4127 1098 4175 ex
1110 4127 1145 4174 eo
1157 4107 1328 4175 clarissime

145 4211 310 4296 dispicitur
332 4211 482 4280 Ovidium
504 4233 564 4279 non
587 4214 689 4280 solum
701 4214 840 4281 Lucretii
862 4213 1003 4280 carmina
1024 4212 1193 4291 lectitasse,
1217 4230 1327 4279 verum

143 4315 239 4382 etiam
250 4316 283 4381 in
299 4315 467 4382 earundem
482 4335 596 4398 rerum,
610 4336 688 4399 quaa
702 4316 812 4382 abhoc
826 4321 917 4400 poete
933 4318 1119 4395 tractantur,
1132 4314 1326 4398 contempla·

141 4589 183 4644 dn
247 4501 339 4645 ¹3OE
358 4518 427 4574 quae
453 4503 560 4561 Rieeiue
586 4503 822 4575 v01.11p.v111
851 4504 882 4559 de
910 4503 1160 4572 neanorphoeeon
1188 4500 1327 4558 codicibus

162 4589 253 4660 'puta
280 4591 302 4646 t.
