3366 5132
855 516 1046 581 -6..

360 703 450 769 eaedi
473 703 588 789 Orphei
621 705 848 785 interfuerunt,
882 706 915 770 in
938 706 1063 771 arbores
1097 707 1237 772 mutatae
1271 705 1348 771 sint.
1381 724 1459 789 quae
1491 723 1540 771 res

365 807 530 874 aNasone
553 808 611 874 hac
634 810 812 875 illustratur
833 808 1057 874 similitudine:

568 953 650 1015 atque
666 964 747 1001 soum
764 947 875 1016 laqueis,
894 963 960 1015 goos
977 946 1097 1002 cotetae
1115 947 1221 1001 abdidit
1240 963 1348 1016 auceps,

568 1049 632 1088 cras
649 1035 696 1088 ahi
713 1035 844 1088 commisit
860 1035 979 1088 soloecis
996 1034 1134 1101 sensitque
1153 1035 1250 1097 teneri,

567 1120 713 1189 plangitur
731 1136 765 1174 ac
782 1119 926 1188 trepidans
944 1120 1072 1189 astringit
1090 1121 1204 1174 uincula
1222 1125 1311 1174 mota:

568 1207 616 1271 sic,
633 1212 671 1280 at
681 1222 803 1274 paceque
820 1206 877 1259 solo
896 1206 985 1274 άσρϊπα
1003 1208 1161 1262 cohaeserat
1178 1207 1285 1272 horare,

569 1297 729 1346 exsternata
744 1291 843 1362 sogam
854 1293 968 1358 frustra
986 1293 1143 1361 temptabat.

364 1411 556 1495 deprompsit
584 1411 663 1480 hano
690 1413 859 1496 imaginem
887 1431 923 1477 ex
954 1393 1012 1478 Od.
1041 1434 1060 1493 χ
1088 1412 1152 1480 468
1182 1432 1259 1496 sqq„
1286 1412 1341 1477 uhi
1368 1412 1501 1478 ancillae
1525 1427 1543 1476 a

257 1573 260 1580 .
364 1514 552 1581 Telemacho
576 1515 613 1581 de
637 1516 769 1582 rudente
791 1535 957 1601 suspensae
981 1535 1052 1582 cum
1076 1515 1177 1581 turdis
1191 1517 1240 1581 vel
1257 1515 1411 1581 columbis
1432 1515 1541 1598 laqueo

365 1619 500 1685 irretitis
524 1622 760 1704 comparantur:

570 1761 608 1823 ὡς
627 1759 651 1812 δ’
669 1759 711 1814 ὅτ’
731 1761 766 1814 ἂν
784 1761 802 1826 ἢ
821 1758 912 1826 κίχλαι
930 1758 1133 1826 τανυσίπτεροι
1152 1758 1185 1823 ήέ
1203 1759 1312 1812 πέλειαι

569 1847 644 1914 ἕρκει
662 1846 839 1912 ἐνιπλήξωσι,
857 1847 892 1899 τό
910 1848 935 1898 θ’
954 1845 1060 1915 ἑστήκῃ
1080 1845 1122 1898 ἑνὶ
1140 1846 1248 1912 θάμνψ,

570 1933 652 1986 αὖλιν
669 1933 817 1997 ἐσιέμεναι,
837 1932 974 1999 στυγερὸς
992 1934 1016 1985 δ’
1034 1932 1190 1986 ὑπεδέξατο
1209 1936 1312 1996 κοῖτος,

571 2019 609 2081 ὣς
628 2017 684 2083 αἵγ’
703 2017 791 2084 ἑξείης
808 2019 933 2084 κεφαλάς
951 2018 1024 2085 ἔχον,
1044 2017 1117 2084 ἀμφὶ
1136 2020 1166 2072 δέ
1184 2019 1288 2080 πάσαις

569 2106 679 2173 δειρῇσι
697 2105 793 2172 βρόχοι
810 2105 894 2170 ἦσαν,
913 2105 991 2166 ὅπως
1009 2104 1139 2158 οἴκτιστα
1159 2105 1282 2158 θάνοιεν.

569 2192 710 2259 ἤσπαιρον
729 2191 759 2244 δέ
777 2189 896 2243 πόδεσσι
915 2187 1035 2254 μίνυνθά
1054 2207 1107 2257 περ
1126 2191 1189 2243 οὔτι
1209 2191 1283 2255 μάλα
1302 2189 1364 2256 δήν.

364 2310 403 2376 ab
426 2309 595 2377 editoribus
618 2310 744 2393 quidem
768 2309 842 2376 haee
864 2311 1001 2377 imitatio
1024 2330 1085 2377 non
1119 2311 1395 2387 commemoratur,
1432 2327 1544 2392 quam-

363 2432 458 2496 quam
469 2432 517 2480 res
534 2417 580 2479 est
596 2418 712 2496 aperta.
731 2430 805 2479 nam
817 2431 877 2479 uon
894 2415 995 2480 solum
1010 2415 1159 2493 medium,
1182 2413 1398 2497 qroducunt,
1421 2431 1545 2495 compa·

362 2517 495 2584 nationis
511 2517 543 2584 in
558 2536 620 2583 uno
635 2516 804 2600 eodemque
820 2520 978 2583 momento
991 2518 1129 2600 positum
1146 2518 1203 2601 est,
1217 2517 1272 2583 sed
1288 2517 1385 2582 etiam
1399 2516 1545 2602 singulae

363 2639 422 2701 res,
447 2621 559 2704 quibus
574 2620 726 2704 imagines
742 2621 823 2705 apud
839 2625 1009 2704 utrumque
1024 2623 1150 2705 poetam
1165 2624 1326 2703 ornantur,
1343 2623 1409 2686 tam
1425 2620 1546 2684 similes

363 2727 447 2806 sunt,
464 2727 499 2792 ut
514 2726 565 2791 vix
580 2745 767 2810 quemquam
784 2724 867 2791 hunc
878 2726 1009 2792 Homeri
1025 2726 1129 2791 locum
1144 2724 1257 2790 melius
1273 2724 1392 2790 imitari
1406 2725 1545 2806 potuisse

364 2830 542 2896 contendas.
577 2830 647 2911 quis
675 2829 758 2895 enim
787 2815 849 2895 non
872 2831 959 2895 videt
983 2827 1131 2895 Ovidium
1161 2829 1264 2895 verbis
1296 2828 1380 2912 ‘quos
1413 2828 1544 2892 callidus

366 2932 487 2998 abdidit
499 2917 622 3014 auceps'
643 2931 724 2997 illud
736 2934 937 2999 Homericum
960 2933 998 3000 τά
1015 2933 1044 2998 θ’
1060 2935 1177 3018 ἑστήκῃ
1194 2935 1240 2998 ένλ
1252 2933 1362 3017 θάμνῳ
1378 2929 1546 2996 adumbra-

365 3037 467 3102 visse?
489 3036 687 3101 enuntiatum
709 3036 817 3101 antem
842 3036 1009 3120 ‘sensitque
1026 3036 1137 3116 teneri,
1154 3036 1317 3120 plangitur
1335 3053 1370 3100 aa
1387 3035 1546 3118 trepidans

364 3138 513 3222 astringit
536 3139 659 3205 vincula
682 3139 789 3224 motu',
814 3140 875 3206 etsi
890 3139 928 3206 de
951 3158 1008 3206 ave
1024 3140 1144 3206 dietum
1168 3143 1223 3219 est,
1247 3141 1353 3205 tamen
1378 3139 1546 3222 respondet

365 3243 494 3310 Homeri
517 3243 622 3309 versui
643 3244 806 3324 ἤσπαιρον
828 3246 866 3310 δὲ
883 3245 1026 3310 πόδεσσι
1047 3244 1181 3324 μίνυνθά
1203 3265 1262 3322 περ
1286 3244 1355 3310 οὔτι
1377 3245 1460 3322 μάλα
1475 3244 1544 3322 δήν.

466 3363 666 3430 domitantur
688 3365 794 3430 autem
817 3363 965 3429 Ovidium
988 3365 1094 3429 eadem
1117 3365 1150 3430 in
1171 3364 1348 3431 imitatione
1371 3364 1545 3446 Sophoclea,

365 3467 419 3552 qui
430 3468 561 3534 eandem
572 3467 703 3534 Homeri
716 3467 954 3534 similitudinem
966 3468 1150 3550 expressisse
1163 3468 1284 3533 videtur
1295 3469 1327 3534 in
1339 3467 1451 3548 fragm.
1465 3467 1545 3534 395:

367 3571 455 3638 κάτω
490 3574 659 3652 κρέμανται
696 3573 796 3640 σπίῑα
828 3575 912 3640 τέως
947 3574 982 3637 ἐν
1016 3573 1144 3652 ἕρκεσιν
1183 3573 1214 3646 et
1253 3571 1434 3654 Euripides,
1474 3589 1546 3638 cum

369 3673 480 3739 Bacch.
511 3675 573 3742 eat
604 3694 650 3758 sq.
674 3676 712 3742 de
735 3675 885 3759 Bacchis,
909 3693 991 3758 quas,
1009 3674 1123 3740 Veneri
1146 3676 1265 3740 deditas
1288 3675 1321 3740 in
1344 3673 1492 3740 fruticeto
1514 3694 1547 3740 se

369 3777 631 3859 deprehensarum
653 3782 769 3862 sperat,
793 3779 903 3862 haecee
920 3779 1077 3844 dicentem
1090 3777 1187 3844 faciat
1204 3777 1395 3844 Pentheum:
1420 3781 1547 3858 καὶμὴν

364 3884 454 3950 δοκῶ
478 3884 569 3962 σφᾶς
592 3883 628 3947 ἐν
656 3882 787 3962 λόχμαις
819 3881 954 3962 ὄρνιθας
976 3884 1023 3949 ὣς
1046 3884 1188 3961 λέκτρων
1219 3884 1350 3963 ἔχεσθαι
1380 3883 1547 3963 φιλτάτοις

364 3986 399 4052 ἐν
423 3985 558 4064 ἕρκεσιν.

472 4106 579 4171 Aliam
601 4105 771 4190 imaginem
793 4124 829 4170 ex
852 4108 995 4172 universo
1017 4105 1124 4171 avium
1146 4123 1259 4190 genere
1288 4106 1420 4190 petitam
1450 4105 1548 4172 habes

365 4209 398 4273 in
422 4207 560 4275 eiusdem
582 4208 656 4274 libri
679 4210 754 4274 Met.
779 4229 808 4274 v.
831 4211 875 4276 24
897 4229 942 4293 sq.
973 4210 1119 4277 mulieres
1149 4211 1237 4278 enim
1262 4209 1421 4294 Orpheum
1449 4210 1549 4276 inter-

364 4311 503 4398 fecturae
527 4311 671 4377 manibus
704 4313 953 4398 sanguinolentis
975 4313 1007 4378 in
1031 4317 1144 4381 vatem
1171 4316 1339 4382 vertuntur
1361 4319 1392 4380 et
1415 4316 1539 4381 coeunt:

672 4456 703 4504 at
721 4467 792 4517 aces,
810 4451 836 4505 si
853 4450 967 4520 quaudo
987 4452 1045 4506 lace
1063 4460 1203 4525 vagantem

576 4537 664 4592 noctis
682 4553 758 4591 auem
777 4543 905 4592 cernuat.
