3370 5134
836 522 1071 586 -142-

567 711 640 766 mille
657 709 734 778 fugit
752 710 907 780 refugitque
924 711 996 776 oioe3
1014 716 1044 765 at
1061 711 1171 766 uiuidus
1194 711 1291 767 Umber

567 799 661 854 tceru
677 797 768 862 tricus,
786 798 843 850 iam
861 799 969 866 iamque
986 802 1062 852 teuct
1078 798 1229 868 similisque
1247 800 1354 854 teueuti

566 883 706 952 increpuit
724 883 805 937 malis
822 899 968 952 morsuque
985 883 1076 938 clusus
1094 884 1176 938 iuaua'
1193 890 1238 939 cst.

361 1023 438 1090 quos
461 1006 546 1070 locos
568 1005 596 1069 si
618 1005 702 1069 inter
724 1023 757 1070 se
781 1005 1024 1088 comparaveris,
1059 1006 1167 1071 statim
1203 1006 1365 1092 intelleges
1388 1006 1548 1074 Nasonem

365 1107 500 1193 Vergilii
524 1107 618 1173 verbe
643 1107 757 1172 ‘haeret
781 1108 869 1172 hians
892 1107 956 1173 iem
978 1109 1103 1191 iamque
1125 1112 1210 1174 tenet
1226 1107 1401 1192 similisque
1416 1111 1546 1176 tenenti'

362 1214 394 1277 in
416 1229 509 1277 usum
531 1229 623 1276 suum
648 1212 840 1277 convertisse
875 1230 903 1276 v.
933 1210 998 1276 535
1019 1205 1110 1276 ‘alter
1145 1211 1310 1279 inhaesuro
1345 1212 1460 1279 similis
1485 1214 1547 1279 iam

363 1317 486 1398 iamque
510 1316 614 1379 tenere
638 1316 764 1398 sperat’,
788 1315 898 1380 deinde
920 1313 978 1380 hoc
994 1315 1132 1380 Maronis
1147 1310 1324 1398 ‘morsuque
1340 1317 1443 1382 elusus
1460 1317 1548 1382 inani

361 1410 420 1485 est²
443 1418 620 1484 accuratius
642 1417 884 1502 interpretatum
909 1436 975 1484 esse
991 1417 1093 1484 vorbis
1110 1417 1245 1485 ‘extento
1263 1420 1392 1503 stringit
1409 1420 1546 1505 vestigia

360 1522 480 1592 rostro’.

465 1642 524 1708 Sed
548 1641 647 1706 alium
670 1641 704 1706 in
727 1646 875 1725 promptu
892 1642 990 1708 habeo
1005 1643 1107 1707 locum
1126 1639 1324 1726 Ouidianum,
1348 1661 1452 1726 quem,
1477 1661 1548 1708 cnm
1664 1721 1665 1734 ,

362 1745 463 1813 multo
486 1746 613 1829 propius
627 1747 757 1810 accedat
781 1747 819 1811 55
835 1746 893 1811 1555
909 1743 1042 1828 Vergilii
1060 1744 1245 1828 exemplum,
1262 1744 1463 1829 Zingerleum
1488 1766 1548 1812 non

362 1848 510 1915 attulisse
533 1851 640 1916 miror.
676 1849 709 1912 in
732 1848 789 1915 illa
812 1849 897 1913 enim
920 1849 1094 1916 venationis
1117 1848 1335 1930 descriptione,
1360 1868 1438 1934 quae
1461 1854 1548 1918 extat

362 1954 439 2019 Met.
463 1951 528 2016 VII
553 1952 615 2017 785
637 1969 692 2035 55,
722 1950 853 2017 Ovidius
882 1953 966 2017 oanis
988 1951 1179 2018 velocissimi
1203 1951 1346 2035 Laelepis
1379 1954 1548 2038 impetum,

361 2056 415 2138 qui
438 2055 564 2140 vulpem
589 2053 775 2138 insequitur,
800 2055 883 2119 hunc
905 2056 938 2121 in
962 2056 1091 2121 modum
1116 2055 1297 2138 descripsit:

566 2193 690 2246 imminet
706 2192 752 2246 lu'c
769 2193 944 2262 sequiturque
958 2209 1066 2262 parem,
1085 2193 1234 2261 5555155555
1253 2193 1359 2248 teueuti

567 2294 624 2332 uou
641 2283 715 2333 teuct
733 2284 759 2332 ct
776 2294 861 2333 oenoe
878 2285 984 2334 exercet
1001 2279 1033 2332 iu
1051 2282 1117 2332 aera
1135 2294 1249 2333 morsus.

361 2401 415 2484 qui
437 2400 523 2466 locus
546 2401 584 2466 55
607 2403 756 2467 amussim
781 2400 845 2468 fere
867 2404 1032 2485 respondet
1055 2401 1190 2486 Vergilii
1224 2403 1366 2468 versibus
1401 2403 1466 2468 754
1488 2422 1544 2486 sq,

362 2503 613 2588 qnandoquidem
647 2506 771 2589 utrique
807 2506 875 2572 loco
912 2506 1089 2572 communia
1124 2510 1199 2571 sunt
1232 2506 1327 2572 verba
1360 2499 1545 2591 ‘similisque

360 2599 495 2674 5555551>
517 2608 667 2675 ultimum
690 2630 798 2677 versus
822 2611 927 2677 locum
952 2611 1137 2693 obtinentia,
1161 2611 1218 2674 hoc
1234 2609 1423 2676 Ouidianum
1439 2615 1545 2675 eutem

363 2711 402 2776 ‘et
426 2730 521 2778 vanos
545 2715 667 2778 exercet
689 2716 721 2778 in
745 2721 815 2779 5555
838 2714 965 2780 morsus'
991 2732 1116 2798 prorsus
1140 2714 1284 2797 congruit
1306 2732 1379 2778 cnm
1394 2713 1451 2778 illo
1467 2713 1546 2788 Ver-

360 2816 478 2900 giliano
504 2816 677 2898 ‘morsuque
699 2816 803 2883 elusus
825 2819 912 2883 inani
927 2818 994 2883 est’.
1017 2837 1095 2900 5555
1111 2817 1330 2892 domuerint,
1355 2817 1395 2882 ed
1412 2816 1542 2882 irritum

319 2948 322 2956 ·
361 2919 455 2998 eadit,
481 2920 562 3002 quod
584 2919 700 3002 aliquis
735 2921 884 3004 suspicari
918 2923 1017 3002 possit
1040 2920 1197 2987 Nasonem
1232 2920 1438 3002 Apollonium
1472 2925 1543 2986 ante

361 3020 465 3088 oculos
487 3022 643 3102 habuisse,
667 3024 755 3088 cuius
780 3029 818 3089 55
841 3025 1083 3090 similitudinem
1101 3028 1176 3109 Arg.
1201 3024 1233 3090 Il
1256 3024 1319 3090 278
1342 3043 1426 3108 sqqe

567 3161 607 3224 ὡς
625 3159 649 3215 δ’
668 3163 712 3214 ὅτ’
730 3161 772 3215 tul
790 3167 925 3229 κνημοῖσι
942 3164 1027 3226 κύνες
1046 3161 1217 3229 δεδαημένοι
1236 3162 1335 3230 όγρης,

566 3248 584 3313 ἢ
605 3248 686 3313 αῐγας
704 3249 825 3316 κεραοὺς
842 3248 877 3314 ἠὲ
894 3249 1005 3318 πρόκας
1022 3247 1192 3315 ἰχνεύοντες,

566 3331 672 3399 selues,
691 3335 799 3388 τυτθόν
819 3335 850 3388 δὲ
868 3335 1060 3401 τιταινόμενοι
1079 3336 1250 3401 μετόπισθεν

567 3419 655 3488 άκρης
672 3419 704 3473 ὲν
722 3422 856 3485 γενύεσσι
875 3412 970 3489 μάτην
988 3422 1138 3490 ἀράβησαν
1157 3422 1293 3484 όδόντας·

567 3503 606 3568 ὣς
623 3505 721 3572 Ζὴτης
741 3507 843 3571 Κάλαϊς
859 3524 891 3562 τε
912 3508 987 3572 μάλα
1006 3507 1111 3574 σχεδὸν
1130 3507 1279 3570 άῑσσοντες

565 3591 646 3644 τάων
666 3590 861 3661 ἀκροτάτῃσιν
879 3593 1021 3660 ἐπέχραον
1039 3594 1122 3658 ἤλιθα
1142 3590 1247 3660 χερσίν,

359 3709 517 3795 Vergilius
529 3729 617 3775 snam
641 3713 847 3778 conformavit
869 3715 1049 3798 imaginem,
1074 3713 1124 3778 rel
1139 3713 1272 3778 fortasse
1287 3710 1435 3791 Ennium,
1459 3711 1539 3796 apud

360 3832 452 3895 quem
472 3811 512 3908 fs·
536 3811 600 3876 334
625 3814 661 3880 V.
686 3813 850 3882 simillima
872 3818 1037 3902 leguntur:

562 3949 633 4003 sicut
650 3951 675 4003 si
693 3952 803 4020 quaudo
819 3954 918 4008 uinclis
935 3953 1063 4008 oeuute'co
1080 3953 1159 4006 ociore

564 4039 632 4103 apta
649 4037 717 4090 solet
736 4039 812 4092 cauis
829 4040 902 4106 sorte
919 4040 1010 4106 serum
1028 4040 1069 4092 sci
1086 4054 1157 4092 uure
1175 4038 1270 4107 sagaci

563 4122 657 4187 seueit,
677 4139 738 4180 oocc
755 4140 807 4179 suc
826 4126 907 4179 nictit
924 4125 1069 4193 ululatque
1085 4125 1126 4179 ibt
1144 4129 1231 4187 acute,

357 4244 407 4309 vol
429 4243 561 4326 denique
584 4245 766 4326 Homerum,
790 4249 844 4331 qui
868 4267 905 4314 55
927 4248 1073 4334 imagine,
1091 4268 1153 4332 555
1168 4250 1206 4314 11.
1223 4270 1242 4330 χ
1260 4250 1320 4316 189
1335 4268 1402 4333 555.
1417 4250 1530 4316 Hector

356 4347 518 4413 Achillem
541 4348 663 4432 fugiens
688 4351 885 4434 depingitur:

566 4471 606 4532 ὼς
624 4470 648 4523 δ’
667 4472 717 4528 ὅτε
735 4472 839 4540 νεβρὸν
857 4472 959 4541 όρεσφι
977 4473 1056 4528 κύοιν
1075 4473 1193 4541 ἐλάφοιο
1211 4473 1316 4542 δίηται,

563 4554 652 4622 άρσας
669 4556 698 4610 ἑξ
717 4557 809 4622 εὐνῆς,
828 4557 875 4611 διά
893 4559 919 4612 τ’
937 4559 1026 4624 όγκεα
1044 4561 1091 4613 καὶ
1110 4559 1155 4613 διὰ
1175 4560 1293 4626 βήσσας·
