3366 5132
848 520 1057 587 46.-

358 713 410 777 hic
432 709 547 796 legitur
570 713 692 776 versus:

561 829 704 901 ponderet,
721 829 873 898 praelongo
890 843 974 883 senex
992 833 1041 882 oct
1059 843 1167 882 cernon
1185 841 1290 882 cervus.

369 956 449 1020 quae
471 937 565 1002 uerba
586 938 711 1000 tanturn
734 935 838 1013 abest,
872 935 948 998 uta
970 951 1061 998 sensu
1085 933 1181 997 totius
1204 933 1264 997 loci
1289 932 1479 1013 discrepent,
1511 932 1549 996 ut

344 1042 407 1124 ⁴eis
430 1038 551 1106 omissis
574 1039 652 1103 mibi
676 1037 804 1120 quidem
827 1037 893 1101 tota
915 1039 1147 1120 argumentatio
1182 1036 1356 1101 claudicare
1390 1033 1546 1099 videatur.

361 1143 639 1226 quotienscumque
662 1144 745 1208 enim
779 1142 864 1206 huno
897 1143 1000 1206 locum
1033 1143 1067 1207 in
1090 1139 1285 1206 Lachmanni
1308 1139 1461 1216 editione,
1493 1139 1548 1221 qui

359 1249 532 1312 extremum
545 1265 669 1311 versum
682 1264 720 1310 ne
746 1245 878 1330 dignum
894 1245 1019 1329 quidem
1031 1244 1152 1325 babuit,
1174 1263 1268 1327 quem
1283 1245 1372 1308 uncis
1388 1243 1547 1308 inclusum

357 1352 551 1434 proponeret,
588 1349 788 1431 perlustravi,
823 1349 967 1432 equidem
988 1348 1174 1433 intellegere
1197 1347 1333 1432 nequivi,
1369 1365 1429 1430 quo
1453 1348 1545 1411 modo

359 1453 434 1519 huie
455 1455 522 1519 loeo
546 1470 653 1518 sensus
676 1470 772 1518 sanus
801 1453 901 1517 inesse
929 1453 1043 1534 posset,
1075 1452 1103 1516 si
1132 1450 1280 1536 infinitivi
1310 1450 1363 1516 ‘ire
1392 1441 1484 1516 loras'
1515 1454 1548 1514 et

359 1557 488 1622 ‘vestem
510 1555 692 1638 relinquere'
715 1556 810 1620 simul
833 1574 905 1621 curn
930 1555 1024 1620 verbo
1048 1554 1196 1621 ‘dissolvi’
1211 1555 1382 1638 penderent
1398 1553 1435 1619 de
1452 1555 1547 1618 verbo

362 1659 630 1743 ‘conquereretur’.
656 1677 728 1723 nam
754 1658 815 1723 nisi
838 1659 973 1724 insanire
996 1658 1097 1723 voluit
1119 1660 1221 1741 poeta,
1244 1658 1324 1723 hano
1339 1658 1544 1742 argumenta-

359 1766 488 1847 tionem,
522 1763 560 1826 ut
582 1779 672 1827 suam
695 1763 911 1844 comprobaret
934 1760 1135 1842 sententiam,
1172 1761 1258 1827 nullo
1281 1762 1371 1844 pacto
1395 1759 1545 1826 adhibere

360 1868 482 1951 potuit:
512 1865 634 1948 ‘quodsi
656 1865 844 1930 immortalis
868 1867 976 1930 nostra
1000 1864 1080 1930 foret
1104 1884 1204 1941 meus,
1234 1883 1296 1930 non
1320 1867 1382 1929 tam
1408 1865 1546 1928 moriens

360 1971 542 2054 quereretur
557 1988 589 2034 se
605 1969 744 2048 dissolvi,
768 1971 823 2033 sed
840 1969 940 2052 magis
957 1971 1137 2051 quereretur
1156 1987 1188 2034 se
1203 1970 1248 2034 ire
1262 1968 1344 2034 foras
1362 1969 1548 2050 vestemque

358 2067 555 2157 relinquere’.
579 2073 694 2137 etenim
717 2073 811 2136 verba
832 2067 982 2138 ‘dissolui'
995 2047 1037 2137 ‘et
1065 2063 1121 2136 ‘ire
1144 2071 1227 2136 forae
1250 2073 1429 2155 vestemque
1451 2071 1549 2135 relin-

359 2179 464 2262 quere’
486 2195 683 2259 nequaquam
705 2195 774 2240 eam
798 2176 943 2241 ecficiunt
970 2178 1204 2260 oppositionem,
1228 2195 1264 2241 ex
1287 2195 1347 2258 qua
1370 2179 1462 2258 poeta
1483 2175 1550 2238 sibi

360 2281 570 2364 colligendum
592 2299 659 2344 esse
681 2281 778 2362 putet·
795 2281 932 2344 animam
956 2280 1121 2344 mortalem
1146 2298 1227 2364 esse3
1250 2281 1346 2344 immo
1363 2298 1466 2358 causa,
1489 2298 1550 2344 cur

359 2388 464 2450 anime
486 2387 619 2450 moriens
644 2387 803 2466 queratur,
827 2384 936 2467 ignota
959 2388 1004 2448 est
1028 2385 1062 2448 et
1082 2371 1150 2468 ipsa
1171 2385 1298 2449 demum
1322 2403 1357 2448 ex
1380 2403 1549 2468 argumen-

252 2502 285 2516 ··
360 2490 479 2554 tatione
513 2489 651 2571 sequitur
686 2489 826 2552 animam
859 2492 897 2554 ob
920 2489 1157 2555 dissolutionem
1187 2508 1277 2554 suam
1301 2488 1398 2571 queri.
1437 2489 1487 2552 vel
1510 2492 1550 2553 ut

358 2593 445 2658 idem
466 2593 529 2657 alia
546 2594 664 2656 ratione
681 2590 784 2656 dicam
800 2593 948 2674 apertius,
964 2611 1026 2657 uon
1042 2593 1087 2658 sic
1102 2594 1342 2676 argumentatur
1358 2591 1548 2658 Lucretius:

360 2697 468 2762 anima
490 2696 624 2761 moriens
647 2695 789 2778 queritur
813 2715 845 2760 se
869 2696 1009 2773 dissolvi,
1035 2716 1096 2761 non
1120 2698 1226 2760 autern
1250 2697 1391 2780 queritur
1413 2716 1445 2760 se
1461 2695 1548 2760 foras

358 2800 405 2865 ire
427 2801 606 2882 vestemque
629 2799 814 2881 relinquere,
844 2818 915 2883 ergo
939 2820 975 2865 ea
998 2801 1140 2865 mortalis
1163 2803 1220 2865 est.
1260 2820 1354 2883 quam
1375 2819 1546 2883 argumen-

359 2903 511 2969 tationem
535 2922 634 2985 neqne
650 2902 759 2967 debuit
782 2922 881 2985 neque
903 2905 1008 2987 potuit
1025 2904 1182 2983 adhibere,
1206 2905 1466 2988 quandoquidem,
1490 2923 1551 2968 our

360 3006 466 3070 anima
488 3010 645 3088 queratur,
669 3005 793 3070 omnino
815 3007 925 3072 notum
948 3026 1010 3072 non
1026 3015 1083 3088 est,
1107 3008 1204 3074 immo
1227 3027 1321 3074 cansa
1344 3009 1487 3091 querelae
1509 3027 1551 3072 ex

361 3111 630 3193 argumentatione
654 3110 780 3174 demum
804 3116 914 3191 poetae
936 3113 1091 3178 elicienda
1114 3116 1172 3177 est.
1210 3113 1263 3177 sed
1287 3113 1419 3178 forsitan
1443 3112 1548 3179 dieas:

359 3217 458 3297 quid?
474 3231 575 3279 nonne
591 3234 627 3279 en
643 3216 697 3296 eis,
721 3236 799 3299 qnae
817 3217 1015 3297 antecedunt,
1033 3218 1203 3282 clarissime
1219 3216 1349 3300 adparet
1364 3217 1549 3282 Lucretium

360 3321 522 3400 procerte
546 3318 690 3384 habuisse
723 3320 863 3385 animam
897 3322 935 3386 ob
964 3323 1204 3387 dissolutionem
1227 3341 1316 3386 suam
1340 3321 1450 3403 queri?
1484 3340 1548 3404 qua

360 3422 555 3486 dubitatione
589 3441 627 3486 ne
661 3424 694 3489 in
718 3443 853 3490 errorem
875 3425 1071 3509 inducamur,
1107 3444 1163 3509 age
1185 3427 1411 3507 perlustremus
1436 3445 1546 3491 versus

362 3525 581 3591 antecedentes
616 3529 648 3592 et
671 3529 847 3608 videamus,
884 3549 959 3594 num
993 3549 1026 3594 re
1049 3548 1123 3594 vera
1146 3531 1229 3612 apud
1251 3529 1433 3596 Lucretium
1458 3531 1549 3595 extra

364 3647 489 3692 omnem
511 3629 741 3697 dubitationem
764 3634 902 3714 positum
924 3634 965 3698 sit
988 3635 1126 3698 animam
1148 3634 1336 3698 morientem
1352 3633 1390 3698 ob
1408 3633 1548 3698 dissolu·

359 3734 477 3802 tionem
500 3751 589 3800 suam
612 3738 709 3819 queri.
735 3741 809 3802 sunt
832 3739 914 3803 enim
938 3757 1044 3804 versus
1070 3739 1116 3802 hi:

566 3887 615 3925 nee
632 3874 684 3926 sibi
702 3875 774 3930 enim
792 3875 935 3944 quisquam
953 3877 1073 3929 nuoriecs
1090 3877 1192 3929 sentire
1210 3873 1321 3930 uidetur

565 3960 607 4012 ire
624 3961 702 4025 feras
720 3961 845 4015 ociorem
863 3963 1023 4016 incolumem
1040 3961 1073 4015 de
1092 3977 1205 4029 corpore
1224 3967 1288 4029 tote,

566 4062 617 4099 nec
633 4048 713 4113 prius
731 4049 769 4102 ud
786 4049 912 4118 iugatum
930 4055 956 4103 et
973 4065 1075 4116 supera
1093 4049 1234 4102 succedere
1252 4049 1355 4114 fauces,

566 4147 660 4186 oerum
678 4134 839 4201 delicerent
857 4142 931 4189 certo
950 4137 1061 4205 regione
1080 4136 1212 4202 locutam

566 4225 598 4273 oct
615 4235 710 4274 sensns
728 4222 797 4275 alios
815 4224 846 4275 in
861 4223 942 4290 parti
960 4237 1091 4289 quernaque
1108 4221 1227 4275 suescit

567 4305 686 4360 dissolui,

359 4427 473 4510 quibus
495 4429 635 4494 versibus
659 4433 803 4496 accurate
817 4431 974 4515 perpensis
991 4431 1060 4514 quis
1079 4431 1264 4497 contendere
1280 4428 1409 4496 audebit
1424 4429 1545 4495 Lucre-

360 4533 442 4595 tium
463 4533 572 4615 utique
594 4553 703 4598 verum
725 4535 865 4610 posuisse
888 4537 1025 4600 animam
1049 4535 1238 4600 morientem
1254 4535 1292 4600 ob
1310 4535 1547 4606 dissolutionem
