<?xml version="1.0" encoding="UTF-8"?>
<!DOCTYPE html PUBLIC "-//W3C//DTD XHTML 1.0 Transitional//EN"
    "http://www.w3.org/TR/xhtml1/DTD/xhtml1-transitional.dtd">
<html xmlns="http://www.w3.org/1999/xhtml" xml:lang="en" lang="en">
 <head>
  <title>
</title>
<meta http-equiv="Content-Type" content="text/html;charset=utf-8" />
  <meta name='ocr-system' content='tesseract 3.04.00' />
  <meta name='ocr-capabilities' content='ocr_page ocr_carea ocr_par ocr_line ocrx_word'/>
</head>
<body>
  <div class='ocr_page' id='page_1' title='image "./desimilitudinib00washgoog_0170.png"; bbox 0 0 3370 5134; ppageno 0'>
   <div class='ocr_carea' id='block_1_1' title="bbox 624 534 857 597">
    <p class='ocr_par' dir='ltr' id='par_1_1' title="bbox 624 534 857 597">
     <span class='ocr_line' id='line_1_1' title="bbox 624 534 857 597; baseline 0 -1"><span class='ocrx_word' id='word_1_1' title='bbox 624 534 857 597; x_wconf 82' lang='grc'>-157-</span> 
     </span>
    </p>
   </div>
   <div class='ocr_carea' id='block_1_2' title="bbox 145 715 1336 1116">
    <p class='ocr_par' dir='ltr' id='par_1_2' title="bbox 145 715 1336 1116">
     <span class='ocr_line' id='line_1_2' title="bbox 254 715 1333 805; baseline 0.009 -25"><span class='ocrx_word' id='word_1_2' title='bbox 254 715 321 780; x_wconf 85' lang='lat' dir='ltr'>lum</span> <span class='ocrx_word' id='word_1_3' title='bbox 344 720 423 784; x_wconf 86' lang='lat' dir='ltr'>duee</span> <span class='ocrx_word' id='word_1_4' title='bbox 447 720 567 784; x_wconf 75' lang='lat' dir='ltr'><strong>restant</strong></span> <span class='ocrx_word' id='word_1_5' title='bbox 590 718 744 802; x_wconf 81' lang='lat' dir='ltr'>imagines</span> <span class='ocrx_word' id='word_1_6' title='bbox 767 717 948 798; x_wconf 77' lang='grc'>05515555,</span> <span class='ocrx_word' id='word_1_7' title='bbox 973 741 1052 805; x_wconf 83' lang='lat' dir='ltr'>quae</span> <span class='ocrx_word' id='word_1_8' title='bbox 1076 742 1148 786; x_wconf 89' lang='lat' dir='ltr'>cum</span> <span class='ocrx_word' id='word_1_9' title='bbox 1171 724 1333 791; x_wconf 88' lang='grc' dir='ltr'>15515Η5-</span> 
     </span>
     <span class='ocr_line' id='line_1_3' title="bbox 148 813 1336 908; baseline 0.008 -25"><span class='ocrx_word' id='word_1_10' title='bbox 148 819 280 885; x_wconf 85' lang='lat' dir='ltr'>rntieuis</span> <span class='ocrx_word' id='word_1_11' title='bbox 303 821 350 886; x_wconf 87' lang='lat' dir='ltr'>ite</span> <span class='ocrx_word' id='word_1_12' title='bbox 373 823 565 904; x_wconf 83' lang='lat' dir='ltr'>conspirant,</span> <span class='ocrx_word' id='word_1_13' title='bbox 600 813 717 888; x_wconf 84' lang='lat' dir='ltr'>utnon</span> <span class='ocrx_word' id='word_1_14' title='bbox 742 823 808 889; x_wconf 91' lang='lat' dir='ltr'>siue</span> <span class='ocrx_word' id='word_1_15' title='bbox 831 825 898 890; x_wconf 91' lang='lat' dir='ltr'>veri</span> <span class='ocrx_word' id='word_1_16' title='bbox 933 827 1032 908; x_wconf 87' lang='lat' dir='ltr'>specie</span> <span class='ocrx_word' id='word_1_17' title='bbox 1068 828 1205 892; x_wconf 80' lang='lat' dir='ltr'>statuere</span> <span class='ocrx_word' id='word_1_18' title='bbox 1238 829 1336 894; x_wconf 82' lang='lat' dir='ltr'>licent</span> 
     </span>
     <span class='ocr_line' id='line_1_4' title="bbox 148 922 1334 1011; baseline 0.005 -21"><span class='ocrx_word' id='word_1_19' title='bbox 148 922 298 990; x_wconf 86' lang='lat' dir='ltr'>Ovidium</span> <span class='ocrx_word' id='word_1_20' title='bbox 331 924 423 989; x_wconf 89' lang='lat' dir='ltr'>buius</span> <span class='ocrx_word' id='word_1_21' title='bbox 457 925 679 992; x_wconf 83' lang='lat' dir='ltr'>auctoritatem</span> <span class='ocrx_word' id='word_1_22' title='bbox 713 929 744 992; x_wconf 90' lang='lat' dir='ltr'>in</span> <span class='ocrx_word' id='word_1_23' title='bbox 780 928 825 993; x_wconf 88' lang='lat' dir='ltr'>eis</span> <span class='ocrx_word' id='word_1_24' title='bbox 862 928 1044 994; x_wconf 81' lang='lat' dir='ltr'>adhibendis</span> <span class='ocrx_word' id='word_1_25' title='bbox 1079 933 1222 995; x_wconf 88' lang='lat' dir='ltr'>secutum</span> <span class='ocrx_word' id='word_1_26' title='bbox 1257 951 1334 1011; x_wconf 84' lang='lat' dir='ltr'>esse,</span> 
     </span>
     <span class='ocr_line' id='line_1_5' title="bbox 145 1027 1252 1116; baseline 0.006 -23"><span class='ocrx_word' id='word_1_27' title='bbox 145 1027 221 1094; x_wconf 89' lang='lat' dir='ltr'>Met.</span> <span class='ocrx_word' id='word_1_28' title='bbox 247 1029 263 1093; x_wconf 93' lang='lat' dir='ltr'>I</span> <span class='ocrx_word' id='word_1_29' title='bbox 286 1029 351 1094; x_wconf 89' lang='grc'>505</span> <span class='ocrx_word' id='word_1_30' title='bbox 374 1048 430 1111; x_wconf 87' lang='lat' dir='ltr'>sq.‚</span> <span class='ocrx_word' id='word_1_31' title='bbox 453 1030 507 1095; x_wconf 91' lang='lat' dir='ltr'>ubi</span> <span class='ocrx_word' id='word_1_32' title='bbox 531 1029 644 1111; x_wconf 85' lang='lat' dir='ltr'>Apollo</span> <span class='ocrx_word' id='word_1_33' title='bbox 668 1030 821 1113; x_wconf 81' lang='lat' dir='ltr'>Daphnen</span> <span class='ocrx_word' id='word_1_34' title='bbox 845 1033 1018 1116; x_wconf 79' lang='lat' dir='ltr'>fugientem</span> <span class='ocrx_word' id='word_1_35' title='bbox 1041 1034 1086 1098; x_wconf 90' lang='lat' dir='ltr'>sie</span> <span class='ocrx_word' id='word_1_36' title='bbox 1109 1033 1252 1100; x_wconf 74' lang='lat' dir='ltr'>invocetz</span> 
     </span>
    </p>
   </div>
   <div class='ocr_carea' id='block_1_3' title="bbox 353 1149 1146 1308">
    <p class='ocr_par' dir='ltr' id='par_1_3' title="bbox 353 1149 1146 1308">
     <span class='ocr_line' id='line_1_6' title="bbox 354 1149 1146 1220; baseline 0.005 -17"><span class='ocrx_word' id='word_1_37' title='bbox 354 1149 476 1219; x_wconf 77' lang='lat' dir='ltr'>upupae</span> <span class='ocrx_word' id='word_1_38' title='bbox 493 1150 591 1203; x_wconf 88' lang='lat' dir='ltr'>mane!</span> <span class='ocrx_word' id='word_1_39' title='bbox 608 1150 647 1204; x_wconf 81' lang='lat' dir='ltr'>uic</span> <span class='ocrx_word' id='word_1_40' title='bbox 664 1166 740 1220; x_wconf 80' lang='lat' dir='ltr'>apuu</span> <span class='ocrx_word' id='word_1_41' title='bbox 758 1152 862 1219; x_wconf 88' lang='lat' dir='ltr'>lupum,</span> <span class='ocrx_word' id='word_1_42' title='bbox 881 1153 921 1206; x_wconf 84' lang='lat' dir='ltr'>eie</span> <span class='ocrx_word' id='word_1_43' title='bbox 938 1169 1019 1207; x_wconf 86' lang='lat' dir='ltr'>cerea</span> <span class='ocrx_word' id='word_1_44' title='bbox 1036 1155 1146 1218; x_wconf 86' lang='lat' dir='ltr'>leonem,</span> 
     </span>
     <span class='ocr_line' id='line_1_7' title="bbox 353 1235 1108 1308; baseline 0.007 -20"><span class='ocrx_word' id='word_1_45' title='bbox 353 1236 392 1289; x_wconf 84' lang='lat' dir='ltr'>eie</span> <span class='ocrx_word' id='word_1_46' title='bbox 408 1236 528 1304; x_wconf 75' lang='lat' dir='ltr'>aquilam</span> <span class='ocrx_word' id='word_1_47' title='bbox 542 1252 639 1305; x_wconf 86' lang='lat' dir='ltr'>penna</span> <span class='ocrx_word' id='word_1_48' title='bbox 656 1235 773 1308; x_wconf 71' lang='lat' dir='ltr'>sapiunt</span> <span class='ocrx_word' id='word_1_49' title='bbox 790 1239 945 1307; x_wconf 79' lang='lat' dir='ltr'>trepidante</span> <span class='ocrx_word' id='word_1_50' title='bbox 962 1240 1108 1305; x_wconf 85' lang='lat' dir='ltr'>columbae,</span> 
     </span>
    </p>
   </div>
   <div class='ocr_carea' id='block_1_4' title="bbox 145 1357 1334 1546">
    <p class='ocr_par' dir='ltr' id='par_1_4' title="bbox 145 1357 1334 1546">
     <span class='ocr_line' id='line_1_8' title="bbox 146 1357 1332 1442; baseline 0.003 -20"><span class='ocrx_word' id='word_1_51' title='bbox 146 1377 280 1442; x_wconf 87' lang='lat' dir='ltr'>querum</span> <span class='ocrx_word' id='word_1_52' title='bbox 302 1357 489 1440; x_wconf 82' lang='lat' dir='ltr'>imaginum,</span> <span class='ocrx_word' id='word_1_53' title='bbox 513 1377 589 1441; x_wconf 84' lang='lat' dir='ltr'>quas</span> <span class='ocrx_word' id='word_1_54' title='bbox 613 1359 650 1423; x_wconf 81' lang='lat' dir='ltr'>ab</span> <span class='ocrx_word' id='word_1_55' title='bbox 667 1360 803 1424; x_wconf 87' lang='lat' dir='ltr'>Homero</span> <span class='ocrx_word' id='word_1_56' title='bbox 821 1361 975 1441; x_wconf 78' lang='lat' dir='ltr'>prolectas</span> <span class='ocrx_word' id='word_1_57' title='bbox 992 1381 1056 1426; x_wconf 83' lang='lat' dir='ltr'>esse</span> <span class='ocrx_word' id='word_1_58' title='bbox 1072 1363 1136 1426; x_wconf 84' lang='lat' dir='ltr'>ium</span> <span class='ocrx_word' id='word_1_59' title='bbox 1159 1361 1235 1426; x_wconf 87' lang='grc'>51151</span> <span class='ocrx_word' id='word_1_60' title='bbox 1258 1359 1332 1440; x_wconf 87' lang='lat' dir='ltr'>dixi,</span> 
     </span>
     <span class='ocr_line' id='line_1_9' title="bbox 145 1461 1334 1546; baseline 0.004 -21"><span class='ocrx_word' id='word_1_61' title='bbox 145 1462 281 1544; x_wconf 84' lang='lat' dir='ltr'>primam</span> <span class='ocrx_word' id='word_1_62' title='bbox 304 1463 337 1526; x_wconf 92' lang='grc'>55</span> <span class='ocrx_word' id='word_1_63' title='bbox 369 1462 502 1526; x_wconf 82' lang='lat' dir='ltr'>alteram</span> <span class='ocrx_word' id='word_1_64' title='bbox 526 1465 608 1526; x_wconf 87' lang='lat' dir='ltr'>recte</span> <span class='ocrx_word' id='word_1_65' title='bbox 631 1462 772 1526; x_wconf 82' lang='grc'>55515555</span> <span class='ocrx_word' id='word_1_66' title='bbox 802 1482 872 1527; x_wconf 91' lang='lat' dir='ltr'>oum</span> <span class='ocrx_word' id='word_1_67' title='bbox 897 1464 973 1530; x_wconf 87' lang='lat' dir='ltr'>Her.</span> <span class='ocrx_word' id='word_1_68' title='bbox 998 1464 1092 1545; x_wconf 80' lang='lat' dir='ltr'>Epod.</span> <span class='ocrx_word' id='word_1_69' title='bbox 1117 1464 1181 1530; x_wconf 92' lang='lat' dir='ltr'>XII</span> <span class='ocrx_word' id='word_1_70' title='bbox 1203 1461 1245 1528; x_wconf 86' lang='grc'>25</span> <span class='ocrx_word' id='word_1_71' title='bbox 1267 1482 1334 1546; x_wconf 85' lang='lat' dir='ltr'>sq.:</span> 
     </span>
    </p>
   </div>
   <div class='ocr_carea' id='block_1_5' title="bbox 144 1581 1334 2171">
    <p class='ocr_par' dir='ltr' id='par_1_5' title="bbox 144 1581 1334 2171">
     <span class='ocr_line' id='line_1_10' title="bbox 352 1581 1087 1652; baseline 0.003 -18"><span class='ocrx_word' id='word_1_72' title='bbox 352 1597 368 1635; x_wconf 94' lang='lat' dir='ltr'>o</span> <span class='ocrx_word' id='word_1_73' title='bbox 388 1596 435 1651; x_wconf 76' lang='lat' dir='ltr'>epo</span> <span class='ocrx_word' id='word_1_74' title='bbox 453 1596 512 1635; x_wconf 90' lang='lat' dir='ltr'>nen</span> <span class='ocrx_word' id='word_1_75' title='bbox 530 1581 607 1649; x_wconf 70' lang='lat' dir='ltr'>selon,</span> <span class='ocrx_word' id='word_1_76' title='bbox 627 1597 709 1650; x_wconf 75' lang='lat' dir='ltr'>quarn</span> <span class='ocrx_word' id='word_1_77' title='bbox 727 1587 757 1636; x_wconf 87' lang='lat' dir='ltr'>tu</span> <span class='ocrx_word' id='word_1_78' title='bbox 774 1581 850 1652; x_wconf 79' lang='lat' dir='ltr'>sapie</span> <span class='ocrx_word' id='word_1_79' title='bbox 868 1587 899 1636; x_wconf 92' lang='lat' dir='ltr'>ut</span> <span class='ocrx_word' id='word_1_80' title='bbox 913 1587 995 1650; x_wconf 88' lang='lat' dir='ltr'>pauet</span> <span class='ocrx_word' id='word_1_81' title='bbox 1012 1597 1087 1636; x_wconf 83' lang='lat' dir='ltr'>acres</span> 
     </span>
     <span class='ocr_line' id='line_1_11' title="bbox 405 1667 882 1737; baseline 0.004 -18"><span class='ocrx_word' id='word_1_82' title='bbox 405 1683 477 1737; x_wconf 80' lang='lat' dir='ltr'>apua</span> <span class='ocrx_word' id='word_1_83' title='bbox 495 1667 574 1735; x_wconf 84' lang='lat' dir='ltr'>lupae</span> <span class='ocrx_word' id='word_1_84' title='bbox 592 1683 759 1736; x_wconf 76' lang='lat' dir='ltr'>capreaeque</span> <span class='ocrx_word' id='word_1_85' title='bbox 777 1668 882 1736; x_wconf 83' lang='lat' dir='ltr'>leones;</span> 
     </span>
     <span class='ocr_line' id='line_1_12' title="bbox 147 1763 1334 1858; baseline 0.002 -22"><span class='ocrx_word' id='word_1_86' title='bbox 147 1763 221 1838; x_wconf 86' lang='lat' dir='ltr'>nam</span> <span class='ocrx_word' id='word_1_87' title='bbox 244 1773 370 1858; x_wconf 85' lang='lat' dir='ltr'>singula</span> <span class='ocrx_word' id='word_1_88' title='bbox 403 1774 592 1856; x_wconf 82' lang='lat' dir='ltr'>inutraque</span> <span class='ocrx_word' id='word_1_89' title='bbox 627 1773 837 1838; x_wconf 82' lang='lat' dir='ltr'>similitudine</span> <span class='ocrx_word' id='word_1_90' title='bbox 860 1773 954 1838; x_wconf 88' lang='lat' dir='ltr'>verbu</span> <span class='ocrx_word' id='word_1_91' title='bbox 988 1773 1069 1838; x_wconf 89' lang='lat' dir='ltr'>iuter</span> <span class='ocrx_word' id='word_1_92' title='bbox 1092 1793 1125 1838; x_wconf 91' lang='lat' dir='ltr'>se</span> <span class='ocrx_word' id='word_1_93' title='bbox 1147 1775 1334 1856; x_wconf 89' lang='lat' dir='ltr'>respondere</span> 
     </span>
     <span class='ocr_line' id='line_1_13' title="bbox 145 1877 1333 1963; baseline -0.001 -20"><span class='ocrx_word' id='word_1_94' title='bbox 145 1878 251 1961; x_wconf 88' lang='lat' dir='ltr'>quivis</span> <span class='ocrx_word' id='word_1_95' title='bbox 286 1878 461 1963; x_wconf 85' lang='lat' dir='ltr'>intellegit,</span> <span class='ocrx_word' id='word_1_96' title='bbox 497 1880 529 1942; x_wconf 88' lang='lat' dir='ltr'>et</span> <span class='ocrx_word' id='word_1_97' title='bbox 553 1877 591 1943; x_wconf 88' lang='lat' dir='ltr'>A.</span> <span class='ocrx_word' id='word_1_98' title='bbox 615 1880 654 1943; x_wconf 86' lang='grc' dir='ltr'>Α.</span> <span class='ocrx_word' id='word_1_99' title='bbox 678 1878 694 1942; x_wconf 91' lang='grc' dir='ltr'>Ι</span> <span class='ocrx_word' id='word_1_100' title='bbox 718 1880 781 1944; x_wconf 83' lang='grc'>160</span> <span class='ocrx_word' id='word_1_101' title='bbox 811 1897 889 1962; x_wconf 74' lang='grc'>555,</span> <span class='ocrx_word' id='word_1_102' title='bbox 922 1881 976 1945; x_wconf 87' lang='grc'>551</span> <span class='ocrx_word' id='word_1_103' title='bbox 1011 1877 1142 1944; x_wconf 86' lang='lat' dir='ltr'>Ovidius</span> <span class='ocrx_word' id='word_1_104' title='bbox 1176 1877 1269 1942; x_wconf 90' lang='lat' dir='ltr'>tironi</span> <span class='ocrx_word' id='word_1_105' title='bbox 1297 1877 1333 1942; x_wconf 88' lang='lat' dir='ltr'>iu</span> 
     </span>
     <span class='ocr_line' id='line_1_14' title="bbox 144 1982 500 2048; baseline 0.008 -3"><span class='ocrx_word' id='word_1_106' title='bbox 144 1999 251 2046; x_wconf 84' lang='lat' dir='ltr'>amore</span> <span class='ocrx_word' id='word_1_107' title='bbox 274 1982 351 2047; x_wconf 84' lang='lat' dir='ltr'>bueo</span> <span class='ocrx_word' id='word_1_108' title='bbox 374 1983 500 2048; x_wconf 86' lang='lat' dir='ltr'>suadet:</span> 
     </span>
     <span class='ocr_line' id='line_1_15' title="bbox 302 2102 1049 2171; baseline -0.001 -15"><span class='ocrx_word' id='word_1_109' title='bbox 302 2126 306 2134; x_wconf 63' lang='lat'>¹</span> <span class='ocrx_word' id='word_1_110' title='bbox 402 2103 551 2171; x_wconf 73' lang='grc'>55555515,</span> <span class='ocrx_word' id='word_1_111' title='bbox 572 2102 729 2156; x_wconf 80' lang='lat' dir='ltr'>innumeris</span> <span class='ocrx_word' id='word_1_112' title='bbox 747 2103 867 2156; x_wconf 75' lang='lat' dir='ltr'>moribus</span> <span class='ocrx_word' id='word_1_113' title='bbox 887 2108 971 2171; x_wconf 85' lang='lat' dir='ltr'>aptus</span> <span class='ocrx_word' id='word_1_114' title='bbox 989 2103 1049 2166; x_wconf 80' lang='lat' dir='ltr'>erit,</span> 
     </span>
    </p>
   </div>
   <div class='ocr_carea' id='block_1_6' title="bbox 352 2189 1119 2345">
    <p class='ocr_par' dir='ltr' id='par_1_6' title="bbox 352 2189 1119 2345">
     <span class='ocr_line' id='line_1_16' title="bbox 352 2189 1115 2258; baseline -0.001 -15"><span class='ocrx_word' id='word_1_115' title='bbox 352 2195 435 2258; x_wconf 76' lang='lat' dir='ltr'>utque</span> <span class='ocrx_word' id='word_1_116' title='bbox 453 2190 523 2243; x_wconf 84' lang='lat' dir='ltr'>leuce</span> <span class='ocrx_word' id='word_1_117' title='bbox 542 2189 662 2243; x_wconf 82' lang='lat' dir='ltr'>Proteus</span> <span class='ocrx_word' id='word_1_118' title='bbox 680 2189 758 2243; x_wconf 88' lang='lat' dir='ltr'>medo</span> <span class='ocrx_word' id='word_1_119' title='bbox 777 2206 805 2244; x_wconf 84' lang='lat' dir='ltr'>ee</span> <span class='ocrx_word' id='word_1_120' title='bbox 824 2190 948 2243; x_wconf 81' lang='lat' dir='ltr'>tenuabit</span> <span class='ocrx_word' id='word_1_121' title='bbox 965 2190 997 2244; x_wconf 81' lang='lat' dir='ltr'>in</span> <span class='ocrx_word' id='word_1_122' title='bbox 1015 2189 1115 2254; x_wconf 83' lang='lat' dir='ltr'>undae,</span> 
     </span>
     <span class='ocr_line' id='line_1_17' title="bbox 404 2276 1119 2345; baseline 0 -15"><span class='ocrx_word' id='word_1_123' title='bbox 404 2292 481 2330; x_wconf 87' lang='lat' dir='ltr'>nunc</span> <span class='ocrx_word' id='word_1_124' title='bbox 497 2277 545 2340; x_wconf 88' lang='lat' dir='ltr'>lea,</span> <span class='ocrx_word' id='word_1_125' title='bbox 564 2292 641 2331; x_wconf 88' lang='lat' dir='ltr'>nunc</span> <span class='ocrx_word' id='word_1_126' title='bbox 658 2276 748 2338; x_wconf 86' lang='lat' dir='ltr'>arbor,</span> <span class='ocrx_word' id='word_1_127' title='bbox 767 2293 842 2330; x_wconf 90' lang='lat' dir='ltr'>nunc</span> <span class='ocrx_word' id='word_1_128' title='bbox 860 2278 915 2330; x_wconf 79' lang='lat' dir='ltr'>crit</span> <span class='ocrx_word' id='word_1_129' title='bbox 932 2276 1024 2330; x_wconf 82' lang='lat' dir='ltr'>birtue</span> <span class='ocrx_word' id='word_1_130' title='bbox 1041 2292 1119 2345; x_wconf 85' lang='lat' dir='ltr'>aper,</span> 
     </span>
    </p>
   </div>
   <div class='ocr_carea' id='block_1_7' title="bbox 143 2397 1332 2587">
    <p class='ocr_par' dir='ltr' id='par_1_7' title="bbox 143 2397 1332 2587">
     <span class='ocr_line' id='line_1_18' title="bbox 143 2397 1332 2482; baseline 0 -19"><span class='ocrx_word' id='word_1_131' title='bbox 143 2418 241 2482; x_wconf 87' lang='lat' dir='ltr'>quem</span> <span class='ocrx_word' id='word_1_132' title='bbox 274 2398 378 2463; x_wconf 88' lang='lat' dir='ltr'>locum</span> <span class='ocrx_word' id='word_1_133' title='bbox 412 2400 484 2481; x_wconf 83' lang='lat' dir='ltr'>apte</span> <span class='ocrx_word' id='word_1_134' title='bbox 518 2399 661 2481; x_wconf 84' lang='lat' dir='ltr'>Zingerle</span> <span class='ocrx_word' id='word_1_135' title='bbox 683 2399 736 2463; x_wconf 87' lang='lat' dir='ltr'>Ill</span> <span class='ocrx_word' id='word_1_136' title='bbox 758 2399 802 2465; x_wconf 79' lang='lat'>20</span> <span class='ocrx_word' id='word_1_137' title='bbox 836 2399 1031 2480; x_wconf 83' lang='lat' dir='ltr'>comparavit</span> <span class='ocrx_word' id='word_1_138' title='bbox 1064 2417 1135 2462; x_wconf 89' lang='lat' dir='ltr'>eum</span> <span class='ocrx_word' id='word_1_139' title='bbox 1165 2400 1240 2463; x_wconf 91' lang='lat' dir='ltr'>Hor.</span> <span class='ocrx_word' id='word_1_140' title='bbox 1264 2397 1332 2464; x_wconf 84' lang='lat' dir='ltr'>Sat.</span> 
     </span>
     <span class='ocr_line' id='line_1_19' title="bbox 143 2503 406 2587; baseline -0.004 -17"><span class='ocrx_word' id='word_1_141' title='bbox 143 2503 233 2587; x_wconf 87' lang='lat'><strong>113,</strong></span> <span class='ocrx_word' id='word_1_142' title='bbox 258 2503 297 2566; x_wconf 85' lang='lat' dir='ltr'>&#39;ll</span> <span class='ocrx_word' id='word_1_143' title='bbox 323 2521 406 2586; x_wconf 80' lang='lat' dir='ltr'>sqq.:</span> 
     </span>
    </p>
   </div>
   <div class='ocr_carea' id='block_1_8' title="bbox 351 2621 1262 2863">
    <p class='ocr_par' dir='ltr' id='par_1_8' title="bbox 351 2621 1262 2863">
     <span class='ocr_line' id='line_1_20' title="bbox 352 2621 1095 2692; baseline -0.005 -16"><span class='ocrx_word' id='word_1_144' title='bbox 352 2622 462 2692; x_wconf 75' lang='lat' dir='ltr'>effupr&#39;et</span> <span class='ocrx_word' id='word_1_145' title='bbox 481 2627 575 2674; x_wconf 87' lang='lat' dir='ltr'>tanen</span> <span class='ocrx_word' id='word_1_146' title='bbox 593 2621 658 2674; x_wconf 81' lang='lat' dir='ltr'>baec</span> <span class='ocrx_word' id='word_1_147' title='bbox 675 2621 822 2674; x_wconf 80' lang='lat' dir='ltr'>sceleratae</span> <span class='ocrx_word' id='word_1_148' title='bbox 838 2621 950 2674; x_wconf 82' lang='lat' dir='ltr'>uincula</span> <span class='ocrx_word' id='word_1_149' title='bbox 967 2621 1095 2674; x_wconf 82' lang='lat' dir='ltr'>Proteus.</span> 
     </span>
     <span class='ocr_line' id='line_1_21' title="bbox 352 2706 1012 2777; baseline -0.006 -14"><span class='ocrx_word' id='word_1_150' title='bbox 352 2724 413 2763; x_wconf 86' lang='lat' dir='ltr'>oum</span> <span class='ocrx_word' id='word_1_151' title='bbox 430 2709 523 2777; x_wconf 83' lang='lat' dir='ltr'>rapies</span> <span class='ocrx_word' id='word_1_152' title='bbox 541 2709 572 2761; x_wconf 84' lang='lat' dir='ltr'>in</span> <span class='ocrx_word' id='word_1_153' title='bbox 589 2709 634 2761; x_wconf 83' lang='lat' dir='ltr'>ius</span> <span class='ocrx_word' id='word_1_154' title='bbox 652 2708 732 2760; x_wconf 75' lang='lat' dir='ltr'>mulos</span> <span class='ocrx_word' id='word_1_155' title='bbox 750 2706 887 2760; x_wconf 76' lang='lat' dir='ltr'>ridentem</span> <span class='ocrx_word' id='word_1_156' title='bbox 904 2706 1012 2770; x_wconf 61' lang='lat' dir='ltr'>alienet,</span> 
     </span>
     <span class='ocr_line' id='line_1_22' title="bbox 351 2791 1262 2863; baseline -0.004 -14"><span class='ocrx_word' id='word_1_157' title='bbox 351 2797 397 2863; x_wconf 73' lang='lat' dir='ltr'>(iet</span> <span class='ocrx_word' id='word_1_158' title='bbox 416 2810 490 2862; x_wconf 89' lang='lat' dir='ltr'>aper,</span> <span class='ocrx_word' id='word_1_159' title='bbox 510 2793 672 2858; x_wconf 73' lang='lat' dir='ltr'>modenule,</span> <span class='ocrx_word' id='word_1_160' title='bbox 691 2793 771 2847; x_wconf 88' lang='lat' dir='ltr'>modo</span> <span class='ocrx_word' id='word_1_161' title='bbox 788 2809 890 2847; x_wconf 83' lang='lat' dir='ltr'>eanum</span> <span class='ocrx_word' id='word_1_162' title='bbox 910 2798 943 2859; x_wconf 88' lang='lat' dir='ltr'>et,</span> <span class='ocrx_word' id='word_1_163' title='bbox 962 2808 1023 2847; x_wconf 87' lang='lat' dir='ltr'>cum</span> <span class='ocrx_word' id='word_1_164' title='bbox 1040 2793 1118 2858; x_wconf 86' lang='lat' dir='ltr'>colet,</span> <span class='ocrx_word' id='word_1_165' title='bbox 1137 2791 1262 2857; x_wconf 78' lang='lat' dir='ltr'>arber.⁸⁸)</span> 
     </span>
    </p>
   </div>
   <div class='ocr_carea' id='block_1_9' title="bbox 143 2916 1340 3623">
    <p class='ocr_par' dir='ltr' id='par_1_9' title="bbox 144 2916 1340 3192">
     <span class='ocr_line' id='line_1_23' title="bbox 145 2916 1334 3000; baseline -0.003 -17"><span class='ocrx_word' id='word_1_166' title='bbox 145 2937 222 2984; x_wconf 86' lang='lat' dir='ltr'>nem</span> <span class='ocrx_word' id='word_1_167' title='bbox 246 2918 353 2983; x_wconf 86' lang='lat' dir='ltr'>endem</span> <span class='ocrx_word' id='word_1_168' title='bbox 376 2920 408 2983; x_wconf 90' lang='grc'>55</span> <span class='ocrx_word' id='word_1_169' title='bbox 431 2918 481 2982; x_wconf 89' lang='lat' dir='ltr'>hic</span> <span class='ocrx_word' id='word_1_170' title='bbox 504 2917 702 3000; x_wconf 83' lang='lat' dir='ltr'>singulorum</span> <span class='ocrx_word' id='word_1_171' title='bbox 734 2919 897 2982; x_wconf 86' lang='lat' dir='ltr'>verborum</span> <span class='ocrx_word' id='word_1_172' title='bbox 927 2916 1117 2998; x_wconf 80' lang='lat' dir='ltr'>conspicitur</span> <span class='ocrx_word' id='word_1_173' title='bbox 1146 2916 1334 2996; x_wconf 37' lang='lat' dir='ltr'>similitudo*</span> 
     </span>
     <span class='ocr_line' id='line_1_24' title="bbox 145 3019 1340 3106; baseline -0.002 -19"><span class='ocrx_word' id='word_1_174' title='bbox 145 3040 337 3106; x_wconf 83' lang='lat' dir='ltr'>quamquem</span> <span class='ocrx_word' id='word_1_175' title='bbox 360 3019 492 3086; x_wconf 86' lang='lat' dir='ltr'>Ovidius</span> <span class='ocrx_word' id='word_1_176' title='bbox 515 3022 546 3085; x_wconf 88' lang='grc'>55</span> <span class='ocrx_word' id='word_1_177' title='bbox 569 3020 625 3086; x_wconf 92' lang='lat' dir='ltr'>boe</span> <span class='ocrx_word' id='word_1_178' title='bbox 649 3022 682 3085; x_wconf 93' lang='grc'>55</span> <span class='ocrx_word' id='word_1_179' title='bbox 704 3021 804 3086; x_wconf 82' lang='lat' dir='ltr'>altero</span> <span class='ocrx_word' id='word_1_180' title='bbox 828 3022 894 3086; x_wconf 89' lang='lat' dir='ltr'>loco</span> <span class='ocrx_word' id='word_1_181' title='bbox 920 3040 974 3104; x_wconf 91' lang='lat' dir='ltr'>pro</span> <span class='ocrx_word' id='word_1_182' title='bbox 998 3039 1081 3085; x_wconf 91' lang='lat' dir='ltr'>more</span> <span class='ocrx_word' id='word_1_183' title='bbox 1105 3040 1159 3084; x_wconf 93' lang='grc'>555</span> <span class='ocrx_word' id='word_1_184' title='bbox 1180 3022 1340 3102; x_wconf 83' lang='lat' dir='ltr'>quaedam</span> 
     </span>
     <span class='ocr_line' id='line_1_25' title="bbox 144 3127 288 3192; baseline -0.021 0"><span class='ocrx_word' id='word_1_185' title='bbox 144 3127 288 3192; x_wconf 81' lang='lat' dir='ltr'>variavit.</span> 
     </span>
    </p>

    <p class='ocr_par' dir='ltr' id='par_1_10' title="bbox 143 3225 1333 3623">
     <span class='ocr_line' id='line_1_26' title="bbox 250 3225 1331 3311; baseline -0.006 -16"><span class='ocrx_word' id='word_1_186' title='bbox 250 3228 309 3295; x_wconf 87' lang='lat' dir='ltr'>Sed</span> <span class='ocrx_word' id='word_1_187' title='bbox 332 3228 395 3292; x_wconf 87' lang='lat' dir='ltr'>iem</span> <span class='ocrx_word' id='word_1_188' title='bbox 417 3245 484 3303; x_wconf 82' lang='grc'>555,</span> <span class='ocrx_word' id='word_1_189' title='bbox 514 3245 684 3310; x_wconf 83' lang='lat' dir='ltr'>perpaucae</span> <span class='ocrx_word' id='word_1_190' title='bbox 708 3228 848 3309; x_wconf 84' lang='lat' dir='ltr'>quidem,</span> <span class='ocrx_word' id='word_1_191' title='bbox 883 3228 1038 3311; x_wconf 84' lang='lat' dir='ltr'>imagines</span> <span class='ocrx_word' id='word_1_192' title='bbox 1062 3225 1228 3292; x_wconf 83' lang='lat' dir='ltr'>Ovidieuas</span> <span class='ocrx_word' id='word_1_193' title='bbox 1262 3245 1331 3308; x_wconf 92' lang='lat' dir='ltr'>pro·</span> 
     </span>
     <span class='ocr_line' id='line_1_27' title="bbox 148 3321 1332 3416; baseline -0.005 -16"><span class='ocrx_word' id='word_1_194' title='bbox 148 3351 310 3416; x_wconf 81' lang='lat' dir='ltr'>ponemus,</span> <span class='ocrx_word' id='word_1_195' title='bbox 334 3331 447 3415; x_wconf 89' lang='lat' dir='ltr'>quibus</span> <span class='ocrx_word' id='word_1_196' title='bbox 470 3331 503 3395; x_wconf 93' lang='lat' dir='ltr'>in</span> <span class='ocrx_word' id='word_1_197' title='bbox 527 3330 757 3396; x_wconf 89' lang='lat' dir='ltr'>conscribendis</span> <span class='ocrx_word' id='word_1_198' title='bbox 781 3331 836 3395; x_wconf 88' lang='lat' dir='ltr'>ille</span> <span class='ocrx_word' id='word_1_199' title='bbox 854 3321 975 3396; x_wconf 85' lang='lat' dir='ltr'>Tibulli</span> <span class='ocrx_word' id='word_1_200' title='bbox 991 3334 1023 3396; x_wconf 91' lang='lat' dir='ltr'>et</span> <span class='ocrx_word' id='word_1_201' title='bbox 1038 3330 1195 3413; x_wconf 84' lang='lat' dir='ltr'>Propertii</span> <span class='ocrx_word' id='word_1_202' title='bbox 1210 3349 1332 3395; x_wconf 93' lang='lat' dir='ltr'>memor</span> 
     </span>
     <span class='ocr_line' id='line_1_28' title="bbox 145 3435 1333 3520; baseline -0.003 -18"><span class='ocrx_word' id='word_1_203' title='bbox 145 3438 243 3502; x_wconf 83' lang='lat' dir='ltr'>fuisse</span> <span class='ocrx_word' id='word_1_204' title='bbox 281 3436 436 3520; x_wconf 85' lang='lat' dir='ltr'>putandus</span> <span class='ocrx_word' id='word_1_205' title='bbox 471 3439 528 3503; x_wconf 90' lang='lat' dir='ltr'>est.</span> <span class='ocrx_word' id='word_1_206' title='bbox 563 3436 645 3519; x_wconf 90' lang='lat' dir='ltr'>quod</span> <span class='ocrx_word' id='word_1_207' title='bbox 681 3435 708 3499; x_wconf 93' lang='grc'>51</span> <span class='ocrx_word' id='word_1_208' title='bbox 731 3437 913 3500; x_wconf 82' lang='lat' dir='ltr'>Tueuuuuu</span> <span class='ocrx_word' id='word_1_209' title='bbox 934 3435 969 3499; x_wconf 90' lang='lat' dir='ltr'>in</span> <span class='ocrx_word' id='word_1_210' title='bbox 1006 3454 1136 3500; x_wconf 81' lang='lat' dir='ltr'>examen</span> <span class='ocrx_word' id='word_1_211' title='bbox 1172 3453 1333 3512; x_wconf 74' lang='lat' dir='ltr'>vocemus,</span> 
     </span>
     <span class='ocr_line' id='line_1_29' title="bbox 143 3538 1220 3623; baseline -0.001 -18"><span class='ocrx_word' id='word_1_212' title='bbox 143 3541 285 3623; x_wconf 90' lang='lat' dir='ltr'>primum</span> <span class='ocrx_word' id='word_1_213' title='bbox 306 3538 385 3603; x_wconf 92' lang='lat' dir='ltr'>mibi</span> <span class='ocrx_word' id='word_1_214' title='bbox 407 3539 527 3602; x_wconf 90' lang='lat' dir='ltr'>mentio</span> <span class='ocrx_word' id='word_1_215' title='bbox 551 3539 695 3604; x_wconf 85' lang='lat' dir='ltr'>faciende</span> <span class='ocrx_word' id='word_1_216' title='bbox 717 3540 765 3603; x_wconf 90' lang='lat' dir='ltr'>est</span> <span class='ocrx_word' id='word_1_217' title='bbox 788 3538 849 3603; x_wconf 92' lang='lat' dir='ltr'>loci</span> <span class='ocrx_word' id='word_1_218' title='bbox 872 3540 950 3604; x_wconf 84' lang='lat' dir='ltr'>Met.</span> <span class='ocrx_word' id='word_1_219' title='bbox 975 3538 1024 3602; x_wconf 89' lang='grc' dir='ltr'>ΙΙΙ</span> <span class='ocrx_word' id='word_1_220' title='bbox 1047 3538 1113 3604; x_wconf 78' lang='lat'>482</span> <span class='ocrx_word' id='word_1_221' title='bbox 1136 3557 1220 3621; x_wconf 67' lang='lat' dir='ltr'>squ:</span> 
     </span>
    </p>
   </div>
   <div class='ocr_carea' id='block_1_10' title="bbox 277 3657 1152 3985">
    <p class='ocr_par' dir='ltr' id='par_1_11' title="bbox 277 3657 1152 3985">
     <span class='ocr_line' id='line_1_30' title="bbox 277 3657 1059 3727; baseline -0.003 -15"><span class='ocrx_word' id='word_1_222' title='bbox 277 3683 279 3687; x_wconf 94' lang='lat'>·</span> <span class='ocrx_word' id='word_1_223' title='bbox 350 3665 465 3726; x_wconf 89' lang='lat' dir='ltr'>pectora</span> <span class='ocrx_word' id='word_1_224' title='bbox 483 3664 633 3713; x_wconf 72' lang='lat' dir='ltr'>traxerunt</span> <span class='ocrx_word' id='word_1_225' title='bbox 651 3675 760 3712; x_wconf 83' lang='lat' dir='ltr'>roseum</span> <span class='ocrx_word' id='word_1_226' title='bbox 774 3673 907 3727; x_wconf 81' lang='lat' dir='ltr'>percussa</span> <span class='ocrx_word' id='word_1_227' title='bbox 926 3657 1059 3722; x_wconf 82' lang='lat' dir='ltr'>ruborem,</span> 
     </span>
     <span class='ocr_line' id='line_1_31' title="bbox 351 3744 1152 3813; baseline 0 -15"><span class='ocrx_word' id='word_1_228' title='bbox 351 3761 408 3798; x_wconf 89' lang='lat' dir='ltr'>non</span> <span class='ocrx_word' id='word_1_229' title='bbox 426 3745 506 3798; x_wconf 80' lang='lat' dir='ltr'>aliter</span> <span class='ocrx_word' id='word_1_230' title='bbox 524 3760 605 3812; x_wconf 75' lang='lat' dir='ltr'>quarn</span> <span class='ocrx_word' id='word_1_231' title='bbox 620 3745 816 3813; x_wconf 72' lang='lat' dir='ltr'>pendnetem,</span> <span class='ocrx_word' id='word_1_232' title='bbox 835 3761 906 3812; x_wconf 82' lang='lat' dir='ltr'>quae</span> <span class='ocrx_word' id='word_1_233' title='bbox 924 3744 1046 3798; x_wconf 80' lang='lat' dir='ltr'>candide</span> <span class='ocrx_word' id='word_1_234' title='bbox 1059 3750 1152 3812; x_wconf 82' lang='lat' dir='ltr'>parte,</span> 
     </span>
     <span class='ocr_line' id='line_1_32' title="bbox 352 3831 1073 3900; baseline -0.001 -15"><span class='ocrx_word' id='word_1_235' title='bbox 352 3837 432 3900; x_wconf 90' lang='lat' dir='ltr'>parte</span> <span class='ocrx_word' id='word_1_236' title='bbox 449 3831 557 3896; x_wconf 85' lang='lat' dir='ltr'>rubent,</span> <span class='ocrx_word' id='word_1_237' title='bbox 576 3837 628 3884; x_wconf 91' lang='lat' dir='ltr'>aut</span> <span class='ocrx_word' id='word_1_238' title='bbox 645 3838 677 3884; x_wconf 89' lang='lat' dir='ltr'>ut</span> <span class='ocrx_word' id='word_1_239' title='bbox 695 3832 782 3886; x_wconf 82' lang='lat' dir='ltr'>cartis</span> <span class='ocrx_word' id='word_1_240' title='bbox 800 3832 867 3884; x_wconf 83' lang='lat' dir='ltr'>solet</span> <span class='ocrx_word' id='word_1_241' title='bbox 884 3847 939 3884; x_wconf 87' lang='lat' dir='ltr'>uua</span> <span class='ocrx_word' id='word_1_242' title='bbox 957 3832 1073 3884; x_wconf 74' lang='lat' dir='ltr'>racemis</span> 
     </span>
     <span class='ocr_line' id='line_1_33' title="bbox 352 3917 1146 3985; baseline -0.001 -13"><span class='ocrx_word' id='word_1_243' title='bbox 352 3918 451 3972; x_wconf 81' lang='lat' dir='ltr'>decere</span> <span class='ocrx_word' id='word_1_244' title='bbox 468 3933 642 3985; x_wconf 81' lang='lat' dir='ltr'>pnrpuream</span> <span class='ocrx_word' id='word_1_245' title='bbox 661 3917 785 3971; x_wconf 88' lang='lat' dir='ltr'>nondum</span> <span class='ocrx_word' id='word_1_246' title='bbox 804 3923 914 3972; x_wconf 87' lang='lat' dir='ltr'>matura</span> <span class='ocrx_word' id='word_1_247' title='bbox 932 3919 1054 3972; x_wconf 86' lang='lat' dir='ltr'>colorem.</span> <span class='ocrx_word' id='word_1_248' title='bbox 1143 3959 1146 3964; x_wconf 86' lang='lat'>.</span> 
     </span>
    </p>
   </div>
   <div class='ocr_carea' id='block_1_11' title="bbox 144 4040 1334 4436">
    <p class='ocr_par' dir='ltr' id='par_1_12' title="bbox 144 4040 1334 4436">
     <span class='ocr_line' id='line_1_34' title="bbox 146 4040 1330 4124; baseline -0.003 -16"><span class='ocrx_word' id='word_1_249' title='bbox 146 4044 255 4108; x_wconf 88' lang='lat' dir='ltr'>eodem</span> <span class='ocrx_word' id='word_1_250' title='bbox 278 4043 369 4107; x_wconf 93' lang='lat' dir='ltr'>modo</span> <span class='ocrx_word' id='word_1_251' title='bbox 392 4060 469 4106; x_wconf 86' lang='lat' dir='ltr'>uvas</span> <span class='ocrx_word' id='word_1_252' title='bbox 493 4047 525 4106; x_wconf 89' lang='lat' dir='ltr'>et</span> <span class='ocrx_word' id='word_1_253' title='bbox 549 4059 642 4122; x_wconf 83' lang='lat' dir='ltr'>poma</span> <span class='ocrx_word' id='word_1_254' title='bbox 665 4040 831 4105; x_wconf 85' lang='lat' dir='ltr'>coniuncte</span> <span class='ocrx_word' id='word_1_255' title='bbox 856 4041 951 4106; x_wconf 84' lang='lat' dir='ltr'>babes</span> <span class='ocrx_word' id='word_1_256' title='bbox 975 4042 1057 4124; x_wconf 83' lang='lat' dir='ltr'>apud</span> <span class='ocrx_word' id='word_1_257' title='bbox 1083 4040 1243 4106; x_wconf 80' lang='lat' dir='ltr'>Tibullum</span> <span class='ocrx_word' id='word_1_258' title='bbox 1267 4041 1330 4115; x_wconf 89' lang='lat'>11,</span> 
     </span>
     <span class='ocr_line' id='line_1_35' title="bbox 145 4143 1330 4229; baseline -0.002 -20"><span class='ocrx_word' id='word_1_259' title='bbox 145 4148 244 4229; x_wconf 63' lang='lat' dir='ltr'>leq„</span> <span class='ocrx_word' id='word_1_260' title='bbox 280 4164 471 4229; x_wconf 84' lang='lat' dir='ltr'>quamquam</span> <span class='ocrx_word' id='word_1_261' title='bbox 503 4164 565 4210; x_wconf 90' lang='lat' dir='ltr'>non</span> <span class='ocrx_word' id='word_1_262' title='bbox 595 4145 633 4208; x_wconf 92' lang='grc'>55</span> <span class='ocrx_word' id='word_1_263' title='bbox 657 4163 723 4208; x_wconf 88' lang='lat' dir='ltr'>rem</span> <span class='ocrx_word' id='word_1_264' title='bbox 747 4162 801 4227; x_wconf 92' lang='lat' dir='ltr'>per</span> <span class='ocrx_word' id='word_1_265' title='bbox 835 4143 1073 4210; x_wconf 89' lang='lat' dir='ltr'>similitudinem</span> <span class='ocrx_word' id='word_1_266' title='bbox 1110 4143 1330 4210; x_wconf 83' lang='lat' dir='ltr'>illustrandam</span> 
     </span>
     <span class='ocr_line' id='line_1_36' title="bbox 144 4247 1330 4333; baseline -0.003 -18"><span class='ocrx_word' id='word_1_267' title='bbox 144 4249 298 4332; x_wconf 84' lang='lat' dir='ltr'>adhibite,</span> <span class='ocrx_word' id='word_1_268' title='bbox 324 4269 415 4333; x_wconf 91' lang='lat' dir='ltr'>quem</span> <span class='ocrx_word' id='word_1_269' title='bbox 438 4250 541 4314; x_wconf 91' lang='lat' dir='ltr'>locum</span> <span class='ocrx_word' id='word_1_270' title='bbox 564 4249 632 4312; x_wconf 89' lang='lat' dir='ltr'>siue</span> <span class='ocrx_word' id='word_1_271' title='bbox 656 4247 750 4313; x_wconf 91' lang='lat' dir='ltr'>dubio</span> <span class='ocrx_word' id='word_1_272' title='bbox 780 4251 852 4312; x_wconf 87' lang='lat' dir='ltr'>ente</span> <span class='ocrx_word' id='word_1_273' title='bbox 881 4248 983 4314; x_wconf 88' lang='lat' dir='ltr'>oculos</span> <span class='ocrx_word' id='word_1_274' title='bbox 1013 4249 1126 4313; x_wconf 85' lang='lat' dir='ltr'>babuit</span> <span class='ocrx_word' id='word_1_275' title='bbox 1150 4248 1330 4333; x_wconf 80' lang='lat' dir='ltr'>Lygdamus</span> 
     </span>
     <span class='ocr_line' id='line_1_37' title="bbox 146 4349 1334 4436; baseline -0.004 -18"><span class='ocrx_word' id='word_1_276' title='bbox 146 4354 229 4434; x_wconf 79' lang='lat' dir='ltr'>(Tib.</span> <span class='ocrx_word' id='word_1_277' title='bbox 254 4353 303 4419; x_wconf 88' lang='lat' dir='ltr'>lH</span> <span class='ocrx_word' id='word_1_278' title='bbox 326 4353 357 4430; x_wconf 89' lang='grc'>5,</span> <span class='ocrx_word' id='word_1_279' title='bbox 384 4353 423 4417; x_wconf 89' lang='grc'>19</span> <span class='ocrx_word' id='word_1_280' title='bbox 447 4355 520 4436; x_wconf 72' lang='grc'>55).</span> <span class='ocrx_word' id='word_1_281' title='bbox 543 4353 598 4417; x_wconf 89' lang='grc'>555</span> <span class='ocrx_word' id='word_1_282' title='bbox 621 4352 698 4416; x_wconf 86' lang='lat' dir='ltr'>haee</span> <span class='ocrx_word' id='word_1_283' title='bbox 720 4351 894 4417; x_wconf 90' lang='lat' dir='ltr'>similitudo</span> <span class='ocrx_word' id='word_1_284' title='bbox 918 4371 978 4416; x_wconf 91' lang='lat' dir='ltr'>nou</span> <span class='ocrx_word' id='word_1_285' title='bbox 1001 4353 1116 4428; x_wconf 88' lang='grc'>55555,</span> <span class='ocrx_word' id='word_1_286' title='bbox 1140 4355 1175 4416; x_wconf 89' lang='grc'>55</span> <span class='ocrx_word' id='word_1_287' title='bbox 1192 4351 1248 4416; x_wconf 92' lang='lat' dir='ltr'>hoe</span> <span class='ocrx_word' id='word_1_288' title='bbox 1265 4349 1334 4415; x_wconf 88' lang='lat' dir='ltr'>loco</span> 
     </span>
    </p>
   </div>
   <div class='ocr_carea' id='block_1_12' title="bbox 146 4502 350 4513">
    <p class='ocr_par' dir='ltr' id='par_1_13' title="bbox 146 4502 350 4513">
     <span class='ocr_line' id='line_1_38' title="bbox 146 4502 350 4513; baseline -0.005 -2"><span class='ocrx_word' id='word_1_289' title='bbox 146 4502 350 4513; x_wconf 77' lang='grc'>..,-.--</span> 
     </span>
    </p>
   </div>
   <div class='ocr_carea' id='block_1_13' title="bbox 249 4573 665 4643">
    <p class='ocr_par' dir='ltr' id='par_1_14' title="bbox 249 4573 665 4643">
     <span class='ocr_line' id='line_1_39' title="bbox 249 4573 665 4643; baseline 0.005 -15"><span class='ocrx_word' id='word_1_290' title='bbox 249 4575 280 4642; x_wconf 76' lang='lat'>³⁸)</span> <span class='ocrx_word' id='word_1_291' title='bbox 299 4574 340 4628; x_wconf 85' lang='grc'>(11.</span> <span class='ocrx_word' id='word_1_292' title='bbox 358 4573 423 4629; x_wconf 89' lang='lat' dir='ltr'>Hor.</span> <span class='ocrx_word' id='word_1_293' title='bbox 442 4573 528 4643; x_wconf 82' lang='lat' dir='ltr'>Epist.</span> <span class='ocrx_word' id='word_1_294' title='bbox 547 4573 561 4627; x_wconf 96' lang='lat' dir='ltr'>I</span> <span class='ocrx_word' id='word_1_295' title='bbox 582 4579 604 4638; x_wconf 88' lang='lat' dir='ltr'>l,</span> <span class='ocrx_word' id='word_1_296' title='bbox 624 4578 665 4630; x_wconf 88' lang='grc'>90.</span> 
     </span>
    </p>
   </div>
   <div class='ocr_carea' id='block_1_14' title="bbox 0 0 1690 5134">
    <p class='ocr_par' dir='ltr' id='par_1_15' title="bbox 0 0 1690 5134">
     <span class='ocr_line' id='line_1_40' title="bbox 0 0 1690 5134; baseline 0 0"><span class='ocrx_word' id='word_1_297' title='bbox 0 0 1690 5134; x_wconf 95' lang='lat' dir='ltr'> </span> 
     </span>
    </p>
   </div>
  </div>
 </body>
</html>
