3370 5134
634 501 871 566 -107—

362 705 438 754 uror,
456 693 488 742 at
505 689 620 742 inducte
637 694 746 742 ceratae
764 689 896 756 sulphure
914 688 1022 757 taedae,

154 798 187 862 et
203 815 270 862 eam
283 795 463 880 imaginem,
478 813 540 878 qua
551 795 661 861 Medea
673 794 778 860 Iasoni
795 813 934 859 amorem
950 814 1044 859 sunm
1058 795 1157 878 ldpist.
1171 796 1233 862 XII
1245 796 1286 862 33
1298 815 1351 878 sq:

155 899 324 965 describit:

362 1022 388 1071 at
405 1014 464 1069 uidi
482 1021 508 1069 et
526 1016 603 1083 perit.
622 1031 671 1069 aec
688 1017 762 1070 uotis
779 1015 890 1084 ignibus
907 1017 972 1086 arm,

414 1103 493 1156 ardet
512 1109 543 1156 at
560 1102 599 1156 aot
616 1117 727 1172 magnos
742 1102 830 1170 piaco
848 1102 932 1156 taeda
950 1102 1021 1168 deos,

155 1215 190 1279 ad
216 1209 357 1275 Lucretii
380 1209 461 1272 locos
484 1209 584 1274 redire
608 1210 828 1274 contenderim.

257 1315 302 1381 Ut
318 1315 424 1378 autem
441 1311 516 1376 haec
532 1311 705 1394 disputatio
721 1311 819 1376 etiarn
832 1311 894 1375 arti
906 1311 1036 1376 criticae
1048 1311 1217 1388 succurrat,
1233 1329 1346 1376 verum

155 1417 270 1483 vidisse
293 1419 370 1500 puto
394 1433 444 1479 eos
468 1416 610 1498 editores,
634 1414 686 1497 qui
712 1415 844 1479 alteram
869 1413 1121 1493 similitudinem,
1151 1433 1230 1496 quae
1258 1414 1342 1496 prio·

154 1541 220 1586 rem
243 1521 330 1587 illam
355 1519 484 1602 excipit:

412 1645 443 1694 act
459 1642 508 1708 pia
525 1639 639 1704 famosis
657 1637 755 1692 addita
773 1644 838 1693 tara
856 1641 935 1709 rogis,

154 1747 294 1828 spuriam
317 1765 381 1810 essa
404 1747 593 1810 statuerunt.
619 1762 693 1808 nam
717 1745 856 1826 primum
879 1745 1004 1826 quidem
1028 1744 1088 1809 bac
1112 1744 1345 1810 dissertationis

153 1855 243 1932 parte
266 1849 410 1914 absoluta
442 1848 616 1930 adparebit,
650 1866 903 1930 unamquamque
936 1847 1021 1928 ignis
1059 1847 1231 1930 imaginem
1254 1851 1344 1913 certa

154 1955 287 2036 quadam
310 1953 432 2017 ratione
456 1952 639 2017 institutam
662 1951 695 2015 in
720 1951 825 2016 Ovidii
857 1950 1053 2015 carminibus
1086 1955 1135 2016 ter
1156 1952 1207 2016 vel
1231 1953 1344 2034 quater

154 2057 204 2122 vel
228 2057 323 2122 etiam
347 2056 471 2138 saepius
495 2055 640 2131 inveniri,
665 2055 712 2118 ita
734 2057 770 2116 ut
785 2054 869 2132 haec,
893 2057 930 2119 de
947 2074 1008 2136 qua
1024 2055 1211 2139 quaerimus,
1235 2055 1342 2138 imago

153 2161 195 2224 ad
217 2162 289 2225 tura
312 2162 473 2244 pertinens
507 2160 623 2224 mirum
646 2159 677 2222 in
703 2160 832 2223 modum
867 2159 961 2224 unica
995 2163 1037 2224 sit
1061 2163 1092 2224 et
1114 2160 1282 2244 singularis
1308 2161 1340 2224 in

154 2283 209 2330 suo
233 2282 353 2346 genere.
378 2284 438 2346 qua
461 2284 494 2328 ro
517 2284 552 2328 ea
575 2266 637 2328 iam
663 2265 711 2327 sat
734 2281 887 2345 superque
903 2262 935 2326 in
953 2264 1183 2328 dubitationem
1201 2267 1340 2329 vocatur.

155 2369 286 2450 accedit,
311 2369 392 2450 quod
416 2368 475 2432 hae
499 2370 609 2432 ambae
633 2367 785 2450 imagines
808 2385 875 2430 sese
899 2367 1104 2450 excipientes:

365 2502 439 2550 uror,
459 2492 491 2540 ot
509 2486 623 2540 iadactc
641 2491 748 2539 ceratae
766 2487 899 2552 sulphura
916 2486 1024 2552 taedae,
1113 2513 1114 2516 ¹

410 2579 442 2626 ut
456 2573 508 2640 pic
526 2571 640 2637 faorosr's
658 2572 757 2625 addito
775 2578 842 2626 tura
859 2572 927 2638 focis

155 2696 353 2760 nequaquam
367 2677 447 2742 bene
463 2680 545 2742 inter
568 2697 601 2741 se
624 2677 865 2760 coniunguntur,
889 2697 959 2742 curn
977 2678 1060 2760 prior
1076 2677 1179 2762 imago
1197 2698 1232 2742 ex
1248 2680 1342 2744 taeda

155 2782 255 2864 potita
278 2783 382 2866 ignem
405 2781 550 2863 rapidum
568 2785 598 2844 et
614 2782 829 2845 vehementem
847 2783 975 2863 spectet,
999 2781 1031 2845 in
1048 2782 1217 2862 posteriore
1234 2784 1340 2845 autem

155 2883 362 2949 similitudine
386 2885 425 2950 do
447 2885 513 2966 igni
538 2884 659 2948 fumoso
682 2885 814 2968 cogitari
838 2885 959 2968 debeat,
983 2903 1116 2968 quocum
1139 2885 1244 2950 lentus
1267 2888 1339 2949 tan-

155 2986 317 3052 tummodo
341 3007 429 3052 amor
451 2992 523 3070 apte
547 2989 719 3070 comparari
743 2989 857 3071 potest.
881 2990 963 3053 unde
979 2988 1120 3072 intellegi
1137 2989 1221 3068 licet,
1246 3007 1340 3072 quam

155 3091 237 3158 male
260 3093 472 3175 interpolatori
497 3111 547 3157 res
571 3091 749 3171 cesserit.²⁷)
1192 3175 1194 3180 η
1247 3079 1249 3084 ’

261 3193 432 3277 Suspiceris
467 3197 599 3260 sortasse
633 3213 701 3259 eam
725 3195 912 3278 imaginem,
936 3214 997 3278 qua
1021 3193 1151 3261 Ovidius
1172 3196 1341 3278 ¹Apollinis

154 3316 292 3364 amorem
310 3299 484 3382 Daphnidis
500 3299 734 3382 pulchritudine
751 3301 832 3383 capti
848 3299 1033 3374 illustravit,
1049 3300 1124 3364 Met.
1143 3299 1239 3363 1492
1253 3319 1340 3382 sqq:

361 3424 444 3487 atque
462 3420 531 3472 leues
550 3419 671 3486 stipatae
690 3418 809 3486 demptis
826 3417 972 3471 adoleatur
990 3419 1092 3481 cristis,

360 3510 393 3557 ut
409 3504 516 3570 facibus
534 3520 628 3572 saepes
646 3504 755 3572 ardeat,
774 3520 843 3572 qaas
862 3505 933 3569 forte
950 3504 1042 3557 uiator

360 3591 401 3644 oet
418 3591 500 3644 aionis
518 3589 637 3644 admouit
654 3591 695 3644 ael
712 3591 769 3644 iam
786 3590 836 3643 sub
855 3591 914 3643 tace
931 3591 1049 3658 reliquit,

361 3678 399 3730 sic
417 3679 484 3730 deas
501 3677 533 3730 ia
550 3676 673 3743 (lammae
691 3677 769 3742 abiit,
788 3677 827 3730 sic
840 3682 952 3744 pectore
969 3682 1025 3730 toto

155 3899 361 3909 —..—

261 3970 294 4036 ²⁷)
313 3968 438 4023 Ceterum
458 3970 511 4037 hic,
531 3969 564 4022 de
584 3985 634 4037 quo
653 3969 767 4038 egimus,
787 3985 888 4035 versus,
908 3969 996 4037 etqui
1010 3967 1104 4021 statim
1118 3967 1248 4036 sequitur,
1267 3967 1339 4021 nihil

154 4056 211 4108 fere
230 4055 360 4122 continet,
379 4055 449 4122 quod
467 4071 521 4108 non
540 4055 643 4108 dictum
663 4055 700 4108 sit
718 4054 746 4107 in
766 4070 844 4108 versu
857 4054 1026 4108 antecedenti
1039 4059 1066 4106 et
1079 4052 1196 4122 proxime
1209 4056 1339 4122 sequenti.

154 4139 253 4194 idcirco
272 4140 373 4210 optimo
391 4141 448 4193 inre
467 4156 573 4193 versus:

413 4249 445 4298 at
460 4239 511 4312 pta
527 4244 640 4310 famosis
657 4244 756 4298 additu
774 4250 839 4298 tara
857 4244 934 4310 focis,

360 4331 471 4384 Aeaeae
488 4330 574 4385 acatis
591 4346 695 4398 senape:
713 4331 852 4398 aqtlaaas
868 4331 1003 4396 tabuerat,

156 4433 252 4503 quiin
271 4434 363 4502 paucis
382 4435 490 4487 tantum
509 4433 587 4488 libris
606 4435 744 4504 leguntur,
764 4434 817 4488 iam
845 4434 945 4488 dudum
965 4435 998 4487 in
1018 4433 1235 4502 interpolationis
1253 4434 1339 4500 suspi-

94 4574 98 4580 ,
155 4519 257 4574 cionem
276 4521 365 4574 vocati
384 4523 458 4576 sunt.
