3370 5134
839 511 1072 593 ÷1oo-

362 714 458 780 supra
492 701 771 765 commemoratum
807 717 877 764 eam
911 715 1032 780 quoque
1062 698 1300 781 descriptionem
1330 699 1556 788 Lucretianam

363 801 409 868 v1
424 800 488 866 524
503 818 569 884 sqq.
586 804 744 886 spectasse
764 802 967 884 suspicemur,
984 819 1045 883 qua
1060 799 1113 865 ille
1129 820 1218 866 arcus
1234 804 1379 868 caelestis
1395 805 1558 888 originem

361 905 406 970 sic
430 905 613 988 explicavit:

569 1025 613 1079 iric
630 1024 677 1078 abi
694 1024 733 1078 eoi
750 1023 848 1091 radiis,
867 1028 1054 1092 tenpestatem
1071 1023 1147 1078 iater
1165 1039 1287 1091 opacam,

566 1110 682 1164 aduersa
699 1109 781 1177 [aicit
797 1109 951 1164 aimborum
969 1110 1119 1180 asparpiae
1136 1115 1243 1178 coatra,

567 1202 627 1251 tam
645 1197 718 1252 color
735 1197 768 1251 ia
785 1197 875 1266 aipris
893 1197 1125 1251 amaricabitur
1143 1198 1234 1266 arqui.

361 1339 454 1403 quem
476 1318 581 1385 locum
604 1319 743 1385 intuenti
777 1322 866 1402 patet
900 1338 1024 1384 sensum
1058 1321 1156 1385 totius
1186 1321 1399 1403 explicationis
1423 1321 1551 1388 nullum

360 1424 460 1490 alium
483 1441 549 1489 esse
571 1440 661 1506 posse
684 1422 745 1488 nisi
767 1422 865 1487 hunc:
897 1441 971 1487 cum
993 1423 1038 1487 sol
1061 1422 1144 1488 inter
1167 1441 1298 1506 opacam
1319 1426 1550 1508 tempestatem

358 1526 497 1594 adversis
520 1528 618 1593 radiis
641 1527 800 1592 rorantem
823 1525 941 1591 nubem
961 1527 1159 1609 percusserit,
1184 1528 1254 1592 tum
1269 1528 1303 1592 in
1318 1527 1396 1593 atris
1412 1528 1551 1594 nubibus

357 1630 395 1696 fit
416 1631 482 1698 iris.
520 1631 603 1696 unde
635 1631 701 1694 iam
736 1629 870 1694 conicias
894 1626 1041 1695 Ovidium
1076 1628 1135 1695 hac
1168 1630 1309 1695 Lucretii
1342 1631 1552 1715 descriptione

357 1736 526 1801 excitatum
549 1753 626 1817 esse,
650 1738 686 1798 ut
708 1733 741 1797 in
764 1733 899 1816 imagine
922 1751 979 1797 sua
1002 1731 1134 1798 ‘adversi
1157 1735 1231 1798 solis
1254 1733 1365 1800 ictum’
1382 1733 1551 1799 induceret

357 1857 454 1922 eaque
477 1839 597 1904 ratione
619 1837 812 1920 superiorem
836 1836 972 1902 Lucretii
995 1836 1237 1918 descriptionem
1260 1856 1332 1902 cnm
1354 1836 1453 1903 altera
1470 1854 1546 1902 con-

356 1942 514 2026 iungeret.
537 1960 615 2024 quae
629 1941 806 2005 coniectura
828 1957 941 2022 magno
957 1958 1047 2022 opere
1064 1958 1100 2004 eo
1116 1939 1325 2017 confirmatur,
1349 1941 1431 2022 quod
1447 1942 1547 2023 paulo

355 2047 426 2129 post
455 2043 605 2112 Ovidium
634 2043 766 2108 eandem
797 2042 936 2108 Lucretii
965 2044 1204 2126 descriptionem
1236 2044 1273 2108 de
1302 2044 1422 2126 origine
1451 2062 1546 2109 arcus

356 2149 503 2215 caelestis
527 2149 589 2213 alia
611 2148 750 2231 imagine
772 2147 913 2212 indidem
935 2147 1036 2231 petita
1059 2149 1244 2230 expressisse
1268 2148 1455 2213 uidebimus.

458 2267 546 2348 Quod
562 2269 668 2332 autem
679 2268 719 2332 ad
731 2268 861 2332 alteram
874 2268 980 2334 Ovidii
991 2269 1162 2351 imaginem
1173 2270 1328 2334 Auroram
1343 2269 1543 2351 spectantem

354 2374 478 2453 attinet,
491 2374 528 2437 ut
540 2390 575 2437 ea
586 2371 747 2436 Nasonem
761 2372 898 2436 Lucretii
920 2390 1028 2436 versus
1044 2392 1139 2456 supra
1154 2373 1327 2456 propositos
1345 2373 1387 2456 (V
1403 2372 1467 2437 656
1481 2373 1544 2456 sq.)

352 2476 548 2560 aliquatenus
582 2474 743 2540 imitatum
776 2494 844 2540 esse
876 2475 1028 2557 suspicer,
1070 2475 1137 2542 rel·
1154 2475 1289 2541 maxime
1323 2492 1357 2540 eo
1390 2475 1542 2558 adducor,

352 2582 434 2664 quod
463 2580 518 2646 ille
546 2581 646 2644 totam
678 2575 857 2661 sequentem
886 2580 1124 2662 descriptionem
1152 2580 1369 2645 Lucretianam
1400 2579 1465 2642 alia
1487 2598 1540 2642 ex-

351 2685 465 2767 pressit
486 2684 635 2768 imagine,
660 2702 739 2765 quae
761 2684 846 2747 extat
868 2684 945 2748 Met.
969 2683 1013 2748 Vi
1035 2685 1077 2749 46
1101 2702 1167 2766 sqq.
1199 2701 1272 2747 narn
1295 2701 1366 2746 cum
1388 2680 1448 2745 hoc
1470 2680 1540 2744 loco

351 2787 435 2853 Naso
458 2787 573 2852 faciem
595 2786 767 2865 Arachnae,
791 2805 869 2868 quae
893 2785 997 2851 subito
1020 2786 1180 2852 Minervae
1203 2788 1338 2852 adventu
1367 2785 1539 2868 perterrita

351 2908 413 2955 non
437 2895 495 2968 est,
518 2890 577 2955 hac
599 2890 739 2954 illustret
762 2889 916 2972 imagine:

554 3025 602 3080 sed
621 3031 713 3078 tamea
731 3025 839 3078 erubuit
857 3025 1015 3093 subitasque
1032 3025 1122 3080 tacita
1140 3026 1245 3079 actarii

555 3128 607 3166 ora
625 3112 710 3165 rabor
727 3127 877 3179 rursusque
895 3113 1017 3176 evanuit,
1035 3117 1068 3165 at
1085 3113 1152 3164 sciet
1169 3114 1217 3164 air

550 3213 713 3267 purpureas
730 3197 800 3264 fieri,
820 3214 881 3251 cam
898 3199 1020 3265 primam
1039 3214 1145 3252 aurora
1163 3203 1312 3260 movetur„

449 3343 451 3348 ,
554 3291 579 3338 at
598 3285 676 3338 brace
690 3290 753 3352 post
772 3291 878 3352 tempas
896 3285 1055 3339 candescere
1073 3286 1137 3338 scits
1156 3285 1190 3337 ao
1210 3290 1280 3350 crta,
1354 3313 1355 3316 =

349 3407 441 3473 facile
474 3407 548 3491 tibi
567 3410 756 3490 persuadeas
791 3410 996 3492 poetaeqeius
1028 3407 1247 3491 descriptionis
1270 3405 1475 3471 Lucretianae
1498 3405 1531 3468 in

347 3514 487 3575 mentem
511 3511 642 3590 venisse,
666 3531 727 3594 qua
750 3513 804 3576 iile
828 3518 899 3594 post
922 3531 1029 3576 versus
1053 3512 1116 3577 iam
1140 3531 1234 3594 supra
1256 3511 1514 3575 commemoratos

552 3637 670 3700 tempore
688 3633 755 3685 itam
773 3638 845 3686 certo
862 3647 968 3685 roseam
986 3632 1102 3686 Matuta
1116 3647 1169 3699 per
1188 3647 1252 3685 oras

553 3719 669 3772 aethac's
687 3735 820 3772 auroram
838 3718 932 3785 differt
951 3724 976 3771 et
993 3719 1101 3771 lamiae
1115 3717 1229 3785 paaoitt,

346 3839 486 3904 Aurorae
509 3843 654 3906 naturam
678 3845 771 3924 etque
795 3842 948 3924 originem
972 3841 1017 3904 sic
1039 3841 1223 3922 explicarit:
1250 3841 1273 3922 5}

551 3965 601 4012 aad
620 3961 686 4028 qaia
705 3963 746 4014 sol
763 3961 842 4026 idem,
861 3961 910 4015 sab
929 3967 1017 4014 terras
1033 3962 1078 4014 iiie
1090 3954 1242 4026 'reverteas

550 4047 688 4113 aaticapat
706 4035 808 4100 coclara
826 4047 916 4101 radiis
934 4047 1082 4101 accendere
1096 4053 1244 4114 temptares,

550 4139 599 4186 aat
618 4135 684 4200 qaia
702 4137 869 4188 coaoeaiaat
886 4136 962 4204 ipaes
982 4141 1007 4188 et
1025 4136 1131 4188 semeae
1148 4136 1237 4188 malta

456 4225 458 4228 '
550 4221 687 4287 coaflaera
705 4221 816 4274 ardoris
833 4227 1001 4276 coasaeraat
1019 4227 1138 4289 tempore
1158 4227 1241 4290 certo,

548 4321 619 4374 qaae
636 4307 747 4372 faciant
764 4309 828 4362 solis
845 4325 919 4363 aooa
935 4325 1041 4376 semper
1059 4309 1167 4362 lamiae
1184 4307 1271 4377 piperi.

397 4453 399 4460 ’
436 4427 506 4495 'Sed
528 4431 591 4494 iarn
615 4429 782 4514 imaginem
805 4450 841 4494 ex
865 4450 937 4496 arcu
960 4431 1088 4496 caelesti
1111 4431 1245 4514 petitam
1261 4434 1442 4506 tractemus,
1465 4447 1522 4512 qna

341 4529 473 4600 Ouidius
496 4533 575 4600 mihi
597 4535 723 4615 quidem
746 4551 807 4598 non
831 4537 933 4598 minus
957 4534 1096 4600 Lucretii
1119 4535 1341 4600 auctoritatem
1367 4533 1520 4618 spectasse
