3370 5134
633 508 864 578 -141-

157 699 295 767 alienum
318 719 387 766 esse
409 703 485 782 puto
520 713 761 762 commemorare
786 697 961 781 Vergilium
996 713 1105 761 versus
1129 693 1192 760 250
1214 690 1344 758 initium

154 797 268 870 ‘nonne
292 799 387 869 vides’
411 801 537 886 petiisse
561 819 595 865 ex
619 800 770 877 Lucretio,
794 799 847 884 qni
872 819 942 865 cum
965 798 1086 882 saepius
1108 798 1166 863 hac
1188 796 1347 862 locutione

153 909 276 985 utatur,
298 906 333 970 Il
356 905 419 972 263
442 923 510 987 sqq.
533 904 616 969 hanc
637 904 768 988 praebet
791 902 1031 986 descriptionem
1061 903 1099 967 de
1122 903 1218 987 equis,
1250 907 1302 988 qni
1326 921 1347 964 e

156 1025 281 1076 carcere
305 1009 440 1093 effugere
462 1009 610 1074 student:

363 1134 480 1174 nonne
496 1117 594 1174 uides
612 1120 694 1173 etiam
708 1118 860 1187 patefactis
877 1124 997 1188 tempora
1012 1121 1117 1187 putata

362 1206 517 1263 aaronitae
535 1221 593 1259 non
607 1220 688 1274 passe
705 1210 797 1260 tamen
811 1219 995 1274 prorumpere
1014 1221 1146 1274 equorum

361 1295 416 1350 mm
433 1291 564 1362 menidam
582 1298 640 1346 tam
658 1291 692 1347 da
708 1293 796 1346 ruodo
815 1307 897 1360 quum
914 1307 990 1348 nene
1008 1298 1068 1348 acet
1086 1290 1171 1362 ipra?

153 1399 237 1483 quod
260 1399 380 1466 siAm.
403 1398 489 1484 119,
512 1398 554 1463 29
578 1416 643 1482 sqq.
676 1397 805 1481 imagini
837 1398 875 1464 ab
899 1416 976 1481 equo
1000 1398 1100 1480 petita
1123 1397 1237 1477 altera,
1261 1415 1345 1480 qnae

152 1503 339 1587 deprompta
361 1505 410 1570 est
432 1521 451 1568 a
474 1503 588 1579 urina,
622 1502 768 1582 adicitur,
804 1503 836 1566 et
858 1501 954 1567 Trist.
979 1501 994 1566 Ι
1017 1504 1047 1580 4,
1072 1503 1112 1567 13
1135 1520 1202 1585 sqq.
1237 1501 1346 1584 effigie

151 1607 192 1672 ad
216 1607 353 1690 equitem
377 1605 537 1672 infirmum
560 1605 735 1688 pertinente
758 1608 847 1671 navis
871 1610 972 1671 rector
987 1605 1175 1688 illustratur,
1201 1606 1344 1670 conterre

151 1728 320 1793 possumus
342 1709 436 1793 Verg.
460 1711 538 1776 Aen.
562 1709 591 1774 V
616 1709 678 1774 144
700 1727 777 1792 sqq,
809 1709 864 1774 ubi
888 1709 1030 1774 celeritas
1054 1710 1186 1776 navium
1208 1710 1249 1775 ad
1273 1727 1346 1773 cer·

150 1815 261 1880 tamen
295 1814 410 1879 navale
444 1815 616 1879 electarum
649 1812 827 1896 depingitur
860 1813 1046 1896 velocitate,
1080 1831 1141 1896 qua
1175 1830 1283 1879 currus
1305 1814 1341 1879 in

152 1917 327 1984 tentamine
349 1935 403 2002 per
426 1933 571 2001 campum
596 1917 719 1983 volant:

360 2045 417 2084 nou
434 2034 493 2084 tam
509 2030 675 2098 precantes
692 2030 782 2099 mingo
800 2028 950 2083 certamine
967 2043 1093 2097 campum

359 2116 517 2184 cmmpuere
534 2121 675 2184 ruuntque
692 2115 774 2182 effusi
790 2129 901 2168 carcere
919 2129 1028 2179 aarum,

358 2217 409 2256 nee
425 2201 464 2255 sic
481 2201 608 2255 inauris
625 2202 741 2271 auripac
758 2201 900 2255 undantia
917 2203 977 2256 iona

360 2303 517 2342 uouemere
534 2287 609 2357 iupis
622 2288 761 2356 munique
778 2287 811 2341 in
829 2288 941 2342 cabaa
954 2289 1089 2357 pendent.

256 2393 391 2459 Transeo
403 2393 443 2458 ad
455 2391 627 2475 imaginem
643 2413 659 2456 e
675 2410 751 2458 cane
767 2393 926 2457 venatorio
936 2395 1079 2477 petitam,
1097 2413 1191 2477 quam
1203 2393 1343 2462 fortasse

149 2498 216 2563 iam
239 2497 273 2561 in
295 2495 398 2579 prima
419 2495 512 2561 huius
535 2494 765 2561 dissertationis
787 2498 877 2578 parte
892 2497 1029 2562 tractare
1045 2495 1223 2576 debueram,
1243 2516 1337 2585 prop·

149 2603 237 2666 terea
258 2603 339 2682 qood
374 2598 507 2664 fundum
540 2597 634 2664 hnios
667 2597 816 2682 imaginis
845 2601 1000 2664 Homerus
1032 2601 1143 2666 iecisse
1175 2603 1342 2684 putandus

148 2706 209 2770 est.
233 2701 289 2770 eod
310 2722 381 2769 cum
405 2702 535 2769 Ovidius
568 2704 601 2767 in
624 2703 683 2768 hac
711 2704 847 2786 imagine
873 2706 910 2769 ad
935 2703 1109 2787 Vergilium
1144 2704 1246 2772 solum
1268 2723 1340 2774 sese

150 2809 364 2890 composuisse
386 2806 466 2871 mihi
489 2807 651 2891 videatur,
685 2807 802 2872 iustam
823 2811 900 2890 puto
933 2807 1061 2873 habebit
1094 2809 1339 2894 excusationem,

147 2911 175 2977 si
200 2928 271 2976 eam
292 2909 326 2974 in
347 2910 428 2975 hanc
460 2908 689 2976 dissertationis
710 2912 832 2992 partem
868 2909 1060 2980 distulimus.
1094 2913 1156 2978 iam
1191 2911 1336 2998 Zingerle

149 3014 234 3079 enim
257 3013 291 3077 ll
315 3014 352 3079 11
378 3034 447 3080 eam
472 3013 577 3080 Ovidii
600 3015 781 3100 imaginem,
817 3035 878 3100 qua
900 3015 976 3082 Met.
999 3015 1017 3082 I
1040 3016 1104 3082 533
1127 3035 1194 3101 sqq.
1218 3019 1342 3102 Apollo

148 3117 316 3203 Daphnem
338 3117 503 3202 insequens
527 3116 609 3183 hunc
631 3117 663 3184 in
687 3119 816 3184 modum
840 3119 1036 3186 illustratur:

354 3242 387 3291 ut
404 3237 485 3291 canis
501 3237 533 3290 iu
551 3253 636 3292 uacuo
654 3238 772 3306 leporem
790 3253 851 3292 cuno
871 3239 994 3294 Galliam
1011 3255 1079 3294 arao

354 3323 433 3390 aiut,
452 3329 477 3378 ct
493 3323 537 3378 loia
553 3323 688 3392 praedam
702 3324 819 3393 pedibus
833 3326 914 3394 petit,
933 3326 980 3380 illc
998 3327 1130 3383 salum:

356 3411 427 3465 alter
444 3411 592 3466 inhaesuro
609 3411 706 3465 amitae
722 3397 905 3480 iamiamque
921 3418 1015 3467 tencre

353 3504 450 3568 sperat
467 3504 494 3552 et
511 3504 619 3552 omento
637 3499 752 3568 arinpit
769 3499 880 3569 aemuia
898 3505 994 3566 roano,

355 3585 426 3640 aiter
443 3586 475 3639 ue
493 3586 619 3656 ambiguo
637 3591 683 3651 est,
701 3601 742 3639 an
759 3586 797 3639 sit
814 3601 993 3654 conprensus.
1015 3593 1041 3642 et
1058 3588 1128 3658 ipsis

355 3671 488 3726 masmae
505 3672 624 3740 cripitur
640 3672 839 3742 tangentiaque
857 3688 908 3726 ora
924 3673 1070 3743 relinquit:

354 3758 394 3812 sic
412 3756 481 3811 deus
499 3763 525 3811 et
541 3758 617 3828 uirgo
635 3763 673 3812 est
691 3758 736 3812 nu
752 3773 801 3826 spe
818 3759 898 3823 celer,
915 3757 966 3812 nlla
983 3759 1088 3829 timone,

147 3863 227 3930 scite
251 3861 409 3929 contendit
432 3881 504 3928 oum
527 3861 659 3946 Vergilii
681 3862 888 3928 similitudine
911 3867 990 3928 Aen.
1012 3864 1076 3929 XII
1094 3865 1156 3930 749
1172 3884 1251 3951 sqq..
1274 3869 1337 3934 ubi

147 3967 300 4045 Tamum,
335 3967 389 4050 qui
412 3985 483 4031 ense
506 3965 605 4032 fracto
640 3967 754 4032 timore
787 3967 917 4032 affectus
940 3970 1034 4051 atque
1058 3969 1193 4035 salutem
1214 3973 1330 4053 petens

146 4070 209 4136 huc
230 4069 307 4135 illuc
329 4069 453 4153 refugit,
478 4073 532 4137 sed
556 4071 692 4153 undique
715 4073 748 4134 et
769 4089 787 4135 a
809 4070 949 4136 Troianis
973 4072 1006 4136 et
1028 4071 1141 4153 palude
1163 4091 1277 4158 magna
1301 4079 1338 4140 et

147 4173 308 4240 moenibus
330 4171 405 4238 altis
429 4174 619 4257 cohercetor,
642 4175 764 4239 Aeneas
787 4175 1001 4257 prosequitur:

354 4292 493 4347 incinerant
509 4293 595 4348 ueluti
612 4293 748 4363 siquando
765 4295 880 4362 {iumine
898 4302 1016 4350 nunnus

354 4395 459 4434 cauom
476 4385 528 4434 aut
541 4379 678 4448 puniceae
696 4386 821 4449 saeptum
837 4379 990 4445 formidine
1006 4380 1115 4450 pinnae

353 4471 468 4520 uenator
485 4481 570 4521 cursu
587 4467 664 4521 canu
682 4472 707 4522 et
725 4467 872 4522 lunaribus
889 4468 989 4534 instat,-

352 4552 399 4606 ille
417 4556 517 4620 auen,
536 4553 646 4609 inaniis
664 4559 691 4608 et
707 4554 772 4623 ripa
790 4555 907 4610 territus
924 4555 992 4620 alta
