3366 5132
852 497 1064 560 „34-

568 701 601 738 uo
618 683 704 739 veluti
722 683 810 738 ueritis
828 683 1001 752 oqituutibus
1019 699 1140 752 aequora
1158 699 1216 737 uou
1236 687 1274 736 eet

620 771 746 839 aequalis
765 769 856 822 rabies
875 769 1076 838 eoutiuuusque
1092 767 1180 834 furor,

567 859 615 913 sed
634 857 713 913 modo
730 857 876 912 subsidunt
893 859 1095 926 intermissique
1112 858 1250 920 siteseuut,

620 945 727 1013 uimque
741 951 825 1013 putes
843 945 906 997 iilos
924 943 1080 1011 deposuisse
1097 959 1189 998 suom:

570 1032 609 1085 sio
626 1031 729 1084 ubeuut
747 1030 917 1098 redeuutque
936 1031 989 1083 mei
1007 1031 1172 1097 rumorique
1191 1029 1308 1092 timores,

622 1125 647 1172 et
664 1134 738 1186 spem
753 1117 891 1187 ptocoudi
910 1117 1034 1186 deestque
1052 1124 1208 1187 mequutque
1226 1117 1313 1183 tui.¹⁵)

467 1227 517 1291 Ad
542 1226 696 1310 imagines
720 1223 943 1289 dementibus
967 1228 998 1289 et
1021 1224 1152 1306 rupibus
1175 1233 1315 1307 sumptas
1339 1225 1548 1304 transeuntes,

366 1331 499 1395 breviter
533 1330 658 1394 tantum
687 1345 738 1391 eas
773 1328 1090 1394 commemorabimus
1124 1327 1364 1406 similitudines,
1397 1325 1548 1409 equibus

363 1432 459 1498 maris
482 1432 598 1496 fluetus
622 1430 825 1495 conteruntur
858 1448 931 1495 enm
954 1430 1123 1496 montibus.
1160 1449 1234 1496 nam
1256 1431 1289 1496 in
1311 1429 1405 1494 hrrins
1428 1446 1548 1512 quoqne

363 1536 484 1620 generis
507 1536 709 1618 imaginibus,
733 1534 847 1616 quippe
871 1553 947 1616 quae
972 1534 1055 1615 apud
1071 1552 1178 1598 omnes
1194 1536 1302 1616 poetas
1325 1536 1374 1598 sat
1396 1532 1491 1596 tritae
1513 1550 1548 1597 ae

361 1639 567 1721 pervulgatae
591 1638 665 1716 sint,
696 1635 846 1703 Ovidium
875 1637 1049 1702 Homerum
1081 1636 1235 1702 imitando
1265 1637 1450 1718 expressisse
1478 1634 1547 1717 quis

362 1762 476 1826 quaese
499 1742 666 1808 adfirmet?
695 1740 821 1806 exhibet
854 1742 960 1807 autem
993 1741 1078 1808 Naso
1111 1741 1204 1806 buius
1238 1742 1361 1824 generis
1395 1737 1547 1823 imagines

361 1847 447 1913 hisee
469 1846 564 1912 loeis:
588 1844 685 1909 Trist.
708 1843 772 1926 14,
796 1845 814 1908 i
840 1863 901 1926 sq.:

565 1970 656 2019 moute
675 1981 725 2019 uer
743 1965 862 2031 iuferius
876 1982 978 2034 prorue
995 1967 1138 2034 puppique
1156 1981 1288 2020 recurvae

619 2051 707 2104 insilit
726 2057 752 2105 et
766 2051 856 2119 pietus
874 2029 997 2106 virberot
1015 2052 1094 2106 uredo
1111 2052 1180 2118 deos,

360 2141 457 2206 nrm.
479 2113 496 2204 i
520 2140 570 2217 11,
594 2139 652 2204 20:

616 2241 700 2309 imque
718 2240 827 2295 utorium
846 2242 947 2294 tumuli
965 2256 1083 2296 concaua
1100 2241 1188 2312 surqit
1205 2258 1286 2310 uque,

359 2329 437 2394 Met.
459 2328 519 2393 XV
543 2327 605 2394 508
628 2348 690 2411 sq.:

673 2471 679 2483 .
707 2471 714 2483 .
742 2470 749 2481 .
771 2431 949 2500 cumulusque
966 2432 1096 2486 immonis
1112 2449 1249 2502 uquarum

565 2519 598 2570 iu
615 2519 718 2573 promtis
735 2520 849 2587 speeiem
868 2519 980 2571 euruori
998 2524 1023 2572 et
1041 2533 1159 2572 creseere
1177 2519 1263 2584 uisum

359 2629 392 2692 at
416 2627 499 2691 uerte
522 2625 553 2689 in
578 2643 612 2690 ea
635 2643 668 2689 re
690 2607 754 2690 iam
776 2623 910 2707 praeivit
932 2601 1088 2689 Homerus
1111 2623 1168 2689 bt.
1191 2647 1211 2702 γ
1233 2625 1311 2690 29οε

565 2746 679 2811 κύματα
699 2763 731 2800 τε
749 2747 923 2813 τροφόεντα,
942 2746 1078 2813 πελώρια,
1094 2746 1144 2799 iou
1163 2747 1285 2814 όρεσσιν.

358 2868 450 2931 quem
473 2848 598 2912 secutus
622 2851 670 2913 est
693 2848 880 2930 Apollonius
903 2849 980 2931 Arg.
1006 2849 1038 2912 ΙΙ
1063 2849 1140 2914 169:

565 2969 633 3020 ἔνθα
653 2969 703 3033 μὲν
722 2968 850 3036 ἠλιβάτῳ
871 2968 1031 3035 ἐναλίγκιον
1051 2971 1132 3038 οὔρεϊ
1150 2975 1225 3035 κόμα

357 3077 388 3139 et
411 3071 570 3155 Vergilius
596 3073 674 3135 Aen.
698 3071 714 3134 I
739 3073 815 3138 105:

569 3213 576 3224 .
603 3213 610 3225 .
638 3213 645 3225 .
668 3175 824 3243 insequitur
841 3176 950 3230 cumulo
964 3183 1138 3244 praeruptus
1155 3193 1244 3246 oquae
1261 3194 1344 3243 mous,

355 3263 469 3350 Georg.
492 3263 539 3329 IV
561 3262 638 3328 361:

561 3371 677 3421 eurooto
694 3366 727 3419 iu
744 3365 843 3420 momtis
860 3367 962 3433 faeiem
980 3369 1158 3423 circumstetit
1175 3367 1277 3423 uredo.¹

459 3470 659 3537 Evideutiora
692 3469 878 3536 imitationis
914 3472 1101 3538 Homericae
1134 3472 1269 3557 vestigia
1302 3474 1540 3556 deprehendisse

355 3573 436 3640 mihi
453 3575 558 3639 videor
580 3573 613 3637 in
627 3572 671 3638 eis
684 3572 950 3656 similitudinibus,
975 3576 1008 3639 in
1032 3575 1144 3658 quibus
1167 3595 1259 3659 rupes
1275 3578 1314 3642 ad
1330 3578 1538 3644 constantiam

355 3680 450 3761 atque
483 3678 667 3742 firmitatem
700 3676 937 3762 significandam
961 3679 1156 3746 adhibentur.
1191 3681 1329 3762 primum
1364 3681 1540 3749 eiusmodi

354 3781 594 3864 comparationis
618 3781 793 3862 exemplum
818 3782 948 3863 praebet
970 3784 1128 3848 Homerus
1150 3784 1189 3848 Il.
1213 3784 1318 3850 0618
1342 3803 1425 3869 sqq.:

559 3900 641 3966 ἴσχον
661 3901 717 3968 γὰρ
736 3903 885 3968 πυργηδὸν
905 3902 1053 3971 ἀρηρότες,
1072 3904 1142 3970 ἠῡτε
1161 3906 1252 3974 πέτρη

562 3983 696 4050 ἠλίβατος
715 3988 833 4052 μεγάλη,
851 3991 950 4054 πολιῆς
969 3979 1040 4054 ἁλός
1055 3991 1140 4057 ἐγγὺς
1158 3992 1256 4057 ἐοῦσα,

558 4073 611 4136 ἥτε
632 4072 708 4136 μένει
726 4074 830 4138 λιγέων
849 4075 966 4140 ἀνέμων
984 4078 1111 4145 λαιψηρὰ
1130 4079 1250 4133 κέλευθα

557 4159 670 4223 κύματά
689 4175 721 4212 τε
738 4163 912 4228 τροφόεντα,
931 4165 1001 4217 τάτε
1020 4166 1246 4233 προσερεύγεται
1265 4166 1365 4233 αὑτήν,

353 4278 557 4287 ——-—-

457 4348 489 4418 ¹⁵)
509 4347 572 4402 Alia
590 4347 695 4400 ratione
716 4352 857 4404 ventorum
875 4353 947 4406 iuter
965 4370 992 4407 se
1010 4353 1175 4408 luctantium
1203 4354 1324 4424 imagine
1351 4357 1395 4410 usi
1422 4355 1537 4410 suntad

349 4435 534 4505 pugnantium
552 4436 685 4502 impetum
703 4435 913 4505 significandum
931 4439 1010 4496 Hom.
1032 4440 1065 4494 11.
1083 4459 1105 4495 π
1124 4445 1173 4494 itt
1192 4457 1259 4510 sqq.,
1284 4441 1353 4496 uun.
1371 4441 1404 4497 ir.
1424 4447 1476 4498 433
1495 4443 1535 4512 V.‚

352 4521 434 4592 Verg.
452 4523 518 4578 Aen.
539 4523 569 4578 11
589 4529 639 4579 416
658 4539 725 4593 sqq„
745 4523 769 4576 X
788 4528 838 4577 356
858 4539 930 4598 sqqq
949 4527 983 4579 si.
1002 4527 1117 4582 Maereb.
1138 4527 1194 4582 Sat.
1212 4528 1238 4583 V
1258 4535 1297 4594 13,
1319 4533 1350 4583 14
1368 4546 1409 4599 sq.
