3366 5132
827 509 1038 574 „62-

477 736 488 742 -
549 700 589 762 ως
609 699 632 752 δ’
652 700 702 752 ὅτε
721 714 763 761 τις
781 699 887 760 στατὸς
903 697 996 760 ἵππος,
1017 697 1179 763 ἀκοστήσας
1198 698 1244 750 ἐπὶ
1265 697 1371 763 φάτνῃ,

548 785 653 850 δεσμὸν
673 783 836 852 ἀπορρήξας
854 783 916 851 θείῃ
936 782 1045 838 πεδίοιο
1064 783 1217 851 κροαίνων,

549 871 660 936 εἰωθὼς
678 873 813 926 λούεσθαι
832 872 963 939 ἐϋρρεῖος
981 876 1133 936 ποταμοῖο,

548 958 685 1011 κυδιόων
709 959 785 1023 ὑψοῦ
806 959 836 1010 δὲ
856 958 928 1025 κάρη
949 957 1012 1023 ἔχει,
1032 956 1105 1022 ἀμφὶ
1124 958 1154 1010 δὲ
1174 962 1270 1022 χαῖται

548 1048 635 1109 ὤμοις
652 1045 813 1098 ἀΐσσονται·
837 1046 852 1098 δ
872 1044 895 1097 δ’
916 1044 1053 1110 ἀγλαΐηφι
1071 1045 1222 1106 πεποιθώς,

549 1130 639 1198 ῥίμφα
658 1132 671 1184 ἑ
690 1136 781 1196 γοῦνα
800 1131 882 1198 φέρει
901 1131 972 1195 μετά
991 1131 1016 1183 τ’
1036 1132 1106 1195 ἤθεα
1126 1133 1173 1182 καὶ
1192 1131 1281 1194 νομὸν
1300 1129 1406 1182 ἵππων.

346 1236 452 1300 cadem
475 1233 580 1318 imago
603 1235 753 1317 repetitur
776 1234 812 1298 ll.
837 1257 855 1300 o
879 1235 942 1299 263
965 1253 1030 1316 sqq.

451 1355 509 1420 Vir
532 1355 628 1420 aliam
651 1361 778 1438 praeter
794 1356 874 1421 banc
891 1355 1019 1424 Homeri
1043 1355 1284 1420 similitudinem
1300 1356 1448 1432 invenies,
1466 1371 1526 1436 qua

345 1459 445 1544 magis
468 1460 614 1524 delectati
648 1459 712 1524 sint
746 1461 886 1524 omnirrm
920 1460 981 1524 fera
1004 1460 1143 1524 aetatum
1166 1460 1291 1540 poetae,
1327 1458 1440 1540 quippe
1472 1458 1526 1539 qui

346 1565 428 1630 hunc
449 1564 551 1629 locum
586 1565 689 1647 potius
712 1564 863 1628 aemulati
888 1583 981 1645 quam
1005 1564 1123 1627 imitati
1157 1564 1230 1628 sint.
1269 1563 1314 1626 sic
1342 1561 1525 1644 Apollonius

348 1670 428 1734 hanc
449 1667 688 1734 similitudinem
713 1669 818 1732 eodem
842 1668 932 1731 modo
958 1667 1102 1742 variavit,
1127 1685 1186 1749 quo
1204 1685 1272 1731 eam
1288 1666 1367 1748 apud
1391 1665 1526 1746 Aeschy-

348 1775 415 1838 lum
447 1771 598 1836 variatam
623 1772 782 1847 videmus,
807 1770 1011 1847 itascilicet,
1046 1774 1081 1836 ut
1115 1789 1229 1853 equum
1264 1769 1413 1834 bellicum
1437 1786 1526 1849 proe-

348 1879 426 1942 lium
460 1878 660 1960 appetentem
684 1875 858 1954 erhibaret‚
894 1895 1026 1957 quocum
1055 1877 1148 1940 Iason
1172 1873 1382 1939 membrorum
1416 1872 1525 1938 robore

349 1981 490 2046 exultans
513 1979 671 2045 confertur
693 1982 770 2062 Arg.
794 1981 842 2044 ΠΙ
867 1980 949 2044 1258
973 1998 1054 2061 sqq.:

551 2101 589 2164 ὡς
609 2101 632 2153 δ’
651 2101 693 2153 ὅτ’
713 2101 813 2168 ἀρήϊος
830 2101 914 2164 ἵππος
933 2101 1099 2167 ἐελδόμενος
1118 2101 1253 2166 πολέμοιο

550 2189 687 2254 σκαρθμῷ
707 2188 901 2254 ἐπιχρεμέθων
919 2189 1016 2254 κρούει
1034 2187 1134 2251 πέδον,
1154 2187 1245 2254 αὐτὰρ
1266 2189 1389 2254 ὕπερθεν

550 2274 675 2327 κυδιόων
695 2276 824 2341 ὀρθοῖσιν
843 2275 885 2328 ἐπ’
904 2276 1006 2327 οὔασιν
1025 2273 1122 2340 αὐχέν’
1141 2273 1237 2341 ἀείρει.

349 2399 441 2462 quam
470 2381 652 2444 Homericae
687 2379 904 2444 similitudinis
939 2380 1146 2444 variationem
1175 2378 1377 2461 Apollonium
1412 2395 1525 2459 nequa-

349 2503 440 2567 quam
464 2483 616 2566 Aeschylo
640 2483 761 2567 debera,
794 2485 848 2547 sed
872 2503 907 2548 en
941 2502 996 2548 suo
1031 2484 1261 2566 deprompsisse
1296 2482 1421 2566 ingenia
1456 2481 1526 2545 inde

352 2587 508 2672 probabile
531 2587 577 2662 fit,
601 2586 683 2669 quod
705 2588 787 2651 inter
810 2587 972 2669 utriusque
987 2590 1095 2669 poetae
1110 2588 1213 2651 locum
1230 2604 1292 2650 non
1308 2605 1343 2651 ee
1359 2584 1529 2649 intercedit

353 2691 543 2768 similitudo,
578 2693 614 2755 ut
647 2690 856 2756 imitationem
891 2690 1008 2754 factam
1041 2708 1107 2754 esse
1143 2691 1229 2756 nobis
1251 2691 1454 2754 statuendum
1478 2687 1528 2753 sit.

354 2799 449 2860 immo
473 2797 596 2877 apertae
619 2794 785 2860 allusiones
809 2796 848 2859 ad
871 2793 1000 2860 Homeri
1024 2794 1200 2878 exemplum
1223 2812 1318 2877 supra
1333 2792 1529 2876 propositum

350 2901 441 2982 plane
479 2899 693 2963 demonstrant
735 2900 858 2981 postam
895 2899 1140 2964 Alexandrinum
1177 2897 1270 2961 huius
1315 2896 1420 2962 lacurn
1458 2897 1530 2961 ante

350 3002 454 3066 oculos
478 3001 631 3066 habuisse.

450 3103 509 3168 Sed
525 3106 709 3182 accuratius,
727 3124 765 3168 ne
782 3105 884 3170 dicam
900 3105 1055 3170 serviliter
1071 3107 1201 3172 eandem
1213 3106 1344 3172 Homeri
1358 3105 1530 3188 imaginem

350 3207 469 3273 imitati
492 3211 564 3272 sunt
587 3207 705 3273 Hunius
727 3206 765 3272 fr.
790 3209 853 3272 503
877 3207 930 3272 V.:

552 3332 578 3381 et
596 3333 655 3380 tuor
673 3328 712 3381 sic
729 3335 761 3381 ut
780 3345 865 3396 equus
883 3331 931 3397 qui
949 3329 982 3382 de
999 3330 1179 3398 praesepibus
1196 3331 1289 3396 fartus

551 3414 645 3467 aiucla
663 3415 721 3467 suis
739 3416 845 3484 ruapuis
863 3417 964 3469 cuiauis
982 3417 1094 3483 abrupit
1112 3423 1137 3470 et
1155 3418 1219 3470 iude

552 3499 608 3560 fert
624 3515 680 3554 sese
698 3502 789 3568 canapi
803 3517 856 3568 per
874 3501 985 3555 caerula
1004 3503 1128 3571 laetaque
1143 3509 1229 3570 prata

551 3587 623 3640 celsa
637 3591 758 3654 pectore,
776 3603 856 3654 saepe
874 3587 968 3640 iubam
986 3594 1098 3654 quassat
1115 3590 1196 3642 struat
1214 3590 1308 3654 acram,

552 3674 668 3742 spiritus
686 3690 721 3727 ea
740 3675 834 3728 a-uima
853 3674 943 3728 calida
961 3691 1072 3743 spumas
1090 3678 1147 3746 cpit
1166 3677 1251 3730 alam.

356 3782 387 3845 et
409 3778 576 3862 Vergilius,
613 3779 666 3860 qui
688 3780 767 3844 Aen.
790 3778 837 3844 XI
860 3778 924 3844 492
951 3800 1017 3863 sqq.
1053 3781 1152 3845 Turni
1184 3781 1379 3848 alacritatem
1414 3786 1529 3861 omnia,

353 3901 429 3966 quae
462 3880 500 3948 ad
523 3882 632 3948 urbem
663 3881 857 3948 Laurentum
892 3883 1117 3949 defendendam
1150 3903 1226 3967 opus
1248 3890 1354 3961 erant,
1388 3888 1530 3969 parantis

349 3986 394 4052 sia
416 3985 570 4050 illustrat:

553 4105 642 4174 qualis
659 4104 707 4158 ubi
725 4105 852 4173 abruptis
868 4106 943 4176 sapit
956 4109 1123 4175 praesaepia
1141 4109 1238 4162 aiuclie

552 4191 663 4246 taudem
680 4191 747 4245 liber
765 4208 827 4246 ecus
845 4210 992 4262 campoque
1009 4197 1112 4261 potitus
1128 4202 1221 4264 aperto

554 4285 604 4332 aut
621 4279 669 4332 ille
686 4279 719 4332 iu
735 4285 831 4346 pastus
850 4286 1028 4349 armentaque
1047 4283 1136 4336 teudii
1155 4299 1288 4351 equarum

555 4371 605 4418 aui
623 4363 754 4418 adsuetus
772 4382 860 4433 aquae
875 4367 1012 4435 perfundi
1028 4369 1141 4435 sluueiue
1160 4375 1224 4422 uoto

554 4453 652 4507 emicat
670 4453 836 4520 arrectisque
853 4453 949 4518 fremit
968 4455 1114 4509 ceruicibus
1132 4457 1187 4509 alte

554 4538 710 4602 luxurieris,
729 4537 882 4607 luduntque
900 4540 980 4594 iubae
995 4557 1049 4608 per
1067 4541 1144 4604 colla,
1160 4557 1328 4609 peraratas.
