3366 5132
641 583 677 594 ,-
727 549 848 613 13..

255 733 444 801 Certioribns
467 732 609 818 vestigiis
632 734 768 801 imitatio
791 733 945 801 Ouidiana
967 735 998 802 in
1022 739 1066 804 eis
1086 739 1332 834 deprehenditur

149 838 366 924 imaginibus,
396 838 429 904 in
457 838 571 922 quibus
599 839 647 904 leo
676 837 715 903 ad
743 838 958 905 fortitudinem
989 859 1025 906 ae
1047 841 1240 908 ferocitatem
1261 840 1335 908 illu·

150 940 312 1008 strandum
327 941 498 1009 inducitur.
516 941 562 1007 sie
577 944 670 1024 poeta
684 941 718 1006 in
733 943 830 1007 muris
845 943 981 1026 procella
997 943 1197 1013 describenda
1211 943 1337 1026 fluetus,¹

150 1045 330 1130 quiveritis
362 1043 613 1111 conflictantibus
641 1047 795 1128 proruunt
826 1049 857 1111 et
887 1046 1030 1113 feruntur
1067 1048 1215 1116 adversus
1246 1050 1337 1115 navis

151 1149 308 1229 armenta
343 1150 502 1232 oomparat
536 1166 607 1214 oum
630 1149 730 1217 saeris
759 1150 921 1231 leonibus,
955 1153 1008 1234 qui
1042 1155 1143 1220 anotis
1175 1155 1208 1220 in
1241 1171 1333 1220 eursu

151 1252 272 1320 viribus
301 1272 391 1319 ruere
420 1255 612 1320 consuerunt
635 1261 758 1338 peotore
780 1255 812 1320 in
836 1274 924 1322 arma
945 1260 978 1321 et
999 1257 1154 1323 venabula
1182 1256 1334 1341 opposita,

151 1355 228 1422 Met.
251 1356 298 1422 XI
321 1355 387 1424 510
408 1376 468 1440 sq.:
1157 1378 1159 1382 ·

357 1501 441 1566 utque
456 1498 553 1564 solent,
571 1481 691 1568 sumptio
708 1485 741 1554 ιἰι
759 1515 844 1554 eursu
861 1499 967 1554 οιίίάιιι
984 1500 1027 1554 ire

356 1589 465 1652 pectore
481 1585 513 1640 ia
531 1601 611 1640 armo
621 1586 683 1651 seri
695 1591 882 1656 protentaque
900 1585 954 1640 telo
972 1588 1069 1642 teones.

150 1707 204 1792 qui
220 1724 328 1772 versus
344 1723 437 1788 prope
453 1709 608 1774 uooednnt
622 1708 662 1775 ad
680 1708 814 1792 Vergilii
828 1709 1000 1794 imaginem
1016 1712 1094 1777 Aen.
1109 1707 1156 1774 IX
1171 1707 1233 1776 551
1251 1725 1333 1792 sqq,

151 1809 205 1874 ubi
226 1809 390 1876 Helenoris
413 1810 544 1877 andacia
566 1829 603 1877 ae
625 1812 780 1878 fortitudo
808 1813 1015 1881 similitudine
1044 1815 1081 1880 de
1113 1812 1179 1878 fera
1208 1811 1335 1894 sumpta

151 1918 328 1996 exornatur,
352 1932 429 1996 qnae
452 1914 571 1979 frustra
593 1935 611 1980 a
633 1920 815 1982 venatorum
845 1916 918 1983 telis
946 1936 979 1983 se
994 1917 1179 1983 *defendens
1207 1915 1334 1981 tandem

152 2021 305 2086 venabula
327 2017 465 2100 proiecta
486 2019 627 2094 transilit
650 2021 681 2085 et
703 2023 823 2086 cortem
846 2021 980 2086 mortem
1004 2019 1139 2105 oppetit:

355 2161 388 2209 eet
404 2156 475 2222 sero,
494 2171 566 2226 quoe
584 2156 669 2212 desua
686 2162 834 2212 uenantum
853 2163 948 2226 saepta
966 2173 1068 2213 corono

356 2249 453 2297 eontra
470 2243 526 2297 telo
542 2244 618 2310 sarit
634 2259 743 2314 seseque
758 2245 826 2298 hotot
842 2245 937 2299 neseio
953 2245 1035 2299 morti

355 2329 437 2383 inicit
455 2334 481 2382 et
498 2328 573 2383 salto
589 2345 676 2398 supro
693 2331 829 2385 uenabula
847 2330 947 2397 Ῑειίιιι,

356 2415 424 2470 tout
441 2415 524 2469 aliter
540 2415 648 2470 ιἰιοειιίι
665 2415 766 2472 medios
783 2416 935 2470 morituros
952 2417 984 2470 ιἰι
1002 2417 1086 2472 hostis

356 2501 496 2566 inradiet,
515 2516 571 2569 quo
588 2501 644 2554 teda
661 2501 736 2556 videt
755 2502 922 2569 donodoimo,
942 2501 1040 2558 tendit.

150 2645 244 2710 quem
267 2625 372 2690 locum
393 2625 553 2707 integrum
575 2625 644 2690 ideo
666 2624 867 2707 potissimum
890 2626 1046 2708 exscripsi,
1082 2627 1155 2708 quia
1185 2623 1332 2691 Ovidium

149 2730 252 2796 verbis
274 2719 331 2795 ‘ire
353 2731 479 2811 peetore
501 2726 535 2793 in
558 2747 645 2794 arma
667 2732 874 2812 protentaque
897 2729 971 2795 tela’
993 2728 1051 2794 hoe
1075 2726 1208 2812 Vergilii
1231 2744 1330 2790 enun-

150 2833 266 2899 tiatum
294 2825 412 2897 ‘eontra
435 2831 500 2896 tela
522 2831 610 2898 furit’
640 2832 672 2896 et
699 2824 772 2915 ‘qua
794 2833 859 2898 tela
881 2832 969 2898 videt
990 2829 1190 2910 densissima,
1221 2828 1335 2895 tendit’

150 2934 336 3019 expressisse
358 2933 525 3000 manifesto
548 2934 683 3017 adparet.

254 3054 412 3140 Vergilius
435 3062 542 3122 autem
564 3055 734 3140 imaginem
749 3077 838 3124 snam
857 3061 896 3124 ad
911 3057 1040 3123 Homeri
1063 3056 1238 3140 exemplum
1260 3073 1333 3122 oon·

151 3159 301 3225 formasse
324 3159 457 3244 videtur,
481 3159 594 3243 quill.
624 3184 645 3240 μ
666 3162 707 3227 41
732 3181 798 3245 sqq.
823 3164 991 3228 Heetorem
1015 3161 1144 3245 agmina
1165 3159 1331 3225 obeuntem

151 3263 311 3346 soeiosque
333 3263 449 3328 fossam
471 3265 689 3330 transcendere
710 3267 928 3331 adhortantem
944 3265 1063 3334 confert
1085 3283 1157 3330 oum
1175 3281 1248 3346 apro
1268 3265 1334 3330 sire

151 3367 247 3451 leone,
272 3367 360 3432 euius
382 3383 566 3450 generosum
583 3385 635 3432 eor
651 3386 822 3450 numquam
837 3371 930 3451 pavet
945 3387 1045 3450 neque
1060 3369 1168 3452 fugam
1183 3365 1332 3449 capessit:

355 3506 394 3568 ὡς
413 3505 437 3555 δ’
455 3504 500 3558 ὅτ’
517 3505 553 3558 ἀν
572 3506 604 3558 ἔν
621 3522 653 3561 τε
672 3506 788 3560 κύνεσσι
806 3508 852 3558 καί
871 3505 992 3572 ἀνδράσι
1010 3509 1184 3574 θηρευτῇσιν

355 3590 472 3657 κάπριος
489 3590 523 3656 ἠέ
542 3591 617 3645 λέων
636 3592 791 3660 στρέφεται
809 3591 904 3646 σθένεϊ
924 3591 1117 3656 βλεμεαίνων·

354 3675 380 3730 οἱ
399 3677 430 3730 δέ
448 3694 481 3732 τε
499 3679 647 3746 πυργηδὸν
665 3679 757 3745 σφέας
775 3679 881 3741 αὐτοὺς
898 3677 1076 3746 ἀρτύναντες

355 3760 449 3817 ἀντίοι
465 3761 597 3814 ἵστανται
616 3764 662 3814 καί
680 3760 862 3817 ἀκοντίζουσι
881 3761 998 3826 θαμειὰς

356 3848 455 3915 αἰχμὰς
473 3849 504 3901 έκ
522 3853 637 3916 χειρῶν·
661 3852 713 3901 τοῦ
734 3850 757 3901 δ’
777 3849 883 3902 οὔποτε
901 3847 1057 3912 κυδάλιμον
1077 3853 1130 3917 κῆρ

354 3940 453 4005 ταρβεῖ
472 3935 539 3988 οὐδὲ
558 3939 699 4002 φοβεῖται,
718 3934 858 4003 ἀγηνορίη
880 3935 911 3988 δέ
930 3951 976 3999 μιν
994 3935 1076 3988 ἔκτα·

354 4022 468 4090 ταρφέα
486 4039 518 4076 τε
537 4023 694 4091 στρέφεται
712 4025 810 4090 στίχας
829 4021 946 4089 ἀνδρῶν
964 4020 1144 4091 πειρητίζων.

149 4147 273 4227 praeter
296 4144 380 4210 huno
401 4145 504 4210 locum
528 4145 599 4229 apte
622 4164 742 4228 quoque
771 4145 993 4228 eomparantur
1019 4144 1150 4210 Homeri
1177 4142 1333 4209 similitu-

149 4252 242 4332 dines,
268 4267 346 4332 quae
369 4251 477 4314 extant
499 4250 532 4315 in
555 4247 693 4315 eiusdem
716 4249 789 4314 libri
812 4268 842 4314 v.
867 4249 931 4314 299
954 4267 1019 4332 sqq.
1043 4252 1075 4313 et
1098 4247 1137 4312 11.
1153 4246 1252 4318 elon
1267 4265 1333 4329 sqq.

252 4352 363 4417 Altera
397 4351 496 4432 leonis
530 4353 634 4436 imago
676 4350 829 4418 Ouidiana
872 4352 932 4417 etsi
975 4349 1207 4434 simplicissima
1240 4349 1333 4432 atque

152 4455 335 4522 brevissima
358 4458 422 4538 est,
457 4458 562 4522 ίιιιιιιι
597 4457 673 4521 adeo
695 4457 839 4540 congruit
874 4474 942 4520 oum
967 4453 1095 4520 Homeri
1127 4453 1333 4519 similitudine

153 4559 296 4644 quadam,
309 4562 346 4626 ut
360 4560 500 4626 imitatio
517 4561 550 4626 in
566 4560 739 4644 legentium
756 4561 860 4627 oeulos
879 4562 988 4642 sponte
1009 4559 1157 4624 inonrrut.
1176 4557 1332 4623 Homerus
