3370 5134
664 523 893 590 -175-

392 711 502 766 odotitit
519 712 568 765 ilia
585 727 679 766 aurens
697 713 757 766 aido
778 719 803 768 ct
820 715 882 768 siae
898 714 1038 783 sanguiue
1056 715 1142 780 uoltu,

446 797 605 852 caedantur
624 799 722 852 Pariis
740 800 835 868 qualia
852 815 923 854 saxa
940 801 1021 869 iugis,

185 907 219 967 et
242 902 331 985 epist.
353 905 384 969 X
407 904 466 968 50:

446 1039 581 1092 paucaque
598 1024 672 1091 lapte
689 1023 772 1087 sedes,
792 1029 847 1078 tam
865 1024 937 1092 Iapis
954 1025 1017 1092 ipsa
1034 1024 1088 1090 sevi,

188 1128 380 1193 revocandae
404 1131 478 1191 sunt
501 1127 540 1192 ad
563 1127 788 1192 similitudines
804 1148 819 1193 e
838 1131 918 1193 saris
933 1129 1059 1211 petitae,
1078 1129 1115 1194 de
1131 1130 1244 1213 quibus
1260 1149 1289 1211 p.
1309 1131 1372 1195 150

184 1250 254 1313 sqq.
278 1230 516 1313 disputavimus.
541 1229 678 1294 eiusdem
703 1229 825 1314 generis
848 1233 920 1296 aunt
936 1231 1090 1314 imagines
1107 1230 1184 1297 Met.
1200 1232 1295 1298 1405
1313 1252 1370 1316 sq.,

188 1333 325 1412 111419,
343 1334 387 1398 IV
403 1332 475 1415 675,
493 1352 568 1416 quas
585 1333 722 1399 hocloco
738 1352 908 1415 proponere
923 1352 1187 1415 supervacaneum
1203 1354 1269 1401 esse
1286 1341 1371 1418 puto.

292 1437 353 1502 Hic
369 1437 506 1503 breviter
522 1439 652 1502 adnecto
668 1436 841 1520 complures
857 1437 1015 1519 simplices
1031 1437 1184 1521 imagines
1200 1441 1241 1505 ad
1257 1440 1374 1506 colores

191 1539 393 1607 illustrandos
418 1540 587 1623 adhibitas,
611 1557 743 1622 quarum
766 1559 858 1604 usum
881 1543 913 1605 in
929 1559 1070 1606 sermone
1090 1544 1140 1606 sat
1155 1543 1374 1626 pervolgatum

191 1643 287 1707 fuisse
302 1644 392 1712 facile
409 1644 603 1727 comprobari
619 1645 734 1726 potest,
750 1643 850 1707 veluti
863 1643 940 1708 Met.
955 1645 987 1708 II
1000 1644 1063 1710 855
1076 1663 1122 1728 sq.
1137 1639 1265 1712 ‘cornua
1277 1665 1375 1729 parva

191 1745 327 1828 quidem,
357 1749 413 1812 sed
436 1767 514 1831 quae
537 1749 722 1813 contendere
745 1746 844 1829 possis
868 1745 952 1812 facta
975 1765 1081 1826 manu,
1110 1765 1250 1832 puraque
1272 1749 1374 1833 magis

187 1850 351 1932 perlucida
372 1843 516 1934 gemma'.
551 1851 629 1917 Met.
652 1851 682 1916 X
705 1851 767 1913 211
799 1867 846 1932 sq.
884 1850 987 1934 ‘Tyrio
1020 1851 1171 1915 nitentior
1203 1857 1288 1917 ostro
1319 1853 1375 1919 flos

186 1953 310 2030 oritur,
334 1957 410 2021 Met.
435 1955 515 2020 VIII
531 1954 573 2018 79
593 1954 659 2020 ‘illa
673 1953 753 2018 mihi
770 1957 818 2018 est
834 1971 909 2018 auro
926 1954 1110 2038 pretiosior’,
1126 1955 1202 2022 Met.
1217 1957 1297 2022 XIII
1312 1959 1376 2024 813

186 2050 279 2122 '‘sunt
300 2076 374 2124 auro
397 2059 517 2124 similes
539 2058 642 2142 longis
674 2058 707 2122 in
732 2057 850 2122 vitibus
873 2057 975 2136 uvae’,
1009 2059 1085 2124 Met
1108 2058 1170 2123 XII
1191 2059 1256 2124 402
1281 2059 1375 2126 ‘totus

191 2165 258 2245 pice
291 2163 411 2248 nigrior
443 2155 577 2247 at1·a’‚⁴⁷)
610 2167 648 2228 A.
672 2166 710 2228 A.
741 2162 774 2225 II
807 2161 870 2228 658
905 2161 1032 2246 ‘nigrior
1065 2162 1194 2245 Illyrica
1226 2164 1276 2228 cui
1309 2165 1376 2247 pice

190 2266 320 2348 sanguis
343 2259 425 2345 erit,
459 2287 496 2331 ex
519 2267 555 2330 P.
578 2265 623 2330 IV
650 2266 699 2344 14,
723 2265 766 2330 45
789 2285 834 2348 sq.
871 2265 966 2342 ’5555
1001 2265 1084 2348 quod
1106 2266 1233 2350 Illyrica
1262 2266 1289 2331 si
1311 2267 1375 2332 iam

189 2369 260 2450 pice
282 2372 400 2452 nigrior
423 2387 535 2449 essem,
559 2389 620 2435 non
642 2368 813 2434 mordenda
835 2368 915 2432 mihi
936 2371 1029 2434 turba
1052 2368 1153 2435 fidelis
1176 2369 1262 2435 erat'.

290 2488 361 2554 Non
385 2491 476 2556 aliter
497 2510 547 2555 res
571 2508 604 2554 se
626 2488 722 2553 habet
744 2489 777 2554 in
800 2489 938 2572 imagine
961 2489 1055 2556 Trist.
1080 2489 1150 2568 15,
1175 2489 1216 2554 25
1239 2510 1300 2574 sq.:

396 2611 499 2666 scc'lc'cet
517 2616 549 2665 at
567 2611 675 2678 saluum
693 2616 833 2678 spectator
851 2609 1010 2678 inequalitas
1028 2623 1136 2674 aarum,

448 2702 566 2765 tempore
584 2697 624 2751 ee'c
641 2696 711 2750 duro
729 2701 768 2749 cet
785 2695 958 2763 despicienda
975 2693 1051 2762 fides.

188 2819 271 2884 quae
293 2803 396 2884 imago
425 2820 616 2883 quamquam
651 2800 810 2883 conspirat
845 2820 915 2865 cum
940 2799 1131 2884 Theognidis
1155 2819 1183 2866 v.
1207 2802 1271 2868 499
1294 2821 1377 2887 sqq.:

399 2922 430 2976 ἐν
448 2924 516 2991 πυρὶ
536 2924 588 2988 μὲν
605 2923 713 2990 χρυσὸν
732 2939 763 2976 τε
783 2923 829 2975 καὶ
849 2923 976 2990 ἄργυρον
995 2921 1081 2989 ἴδριες
1100 2923 1201 2991 ἄνδρες
1302 2927 1305 2932 “

448 3009 649 3074 γιγνώσκουσ’,
670 3008 774 3076 ἀνδρὸς
793 3009 816 3060 δ’
837 3009 914 3070 οἶνος
933 3009 1019 3061 ἔδειξε
1038 3008 1117 3072 νόον,

188 3120 298 3180 tamen
321 3113 454 3179 Ovidius
477 3132 522 3193 ea,
547 3113 661 3196 quibus
684 3113 723 3177 ad
747 3113 935 3178 sententiam
959 3131 1047 3176 suam
1071 3111 1280 3177 exornandam
1303 3131 1378 3177 usus

188 3223 251 3301 est,
275 3237 336 3283 non
359 3237 395 3281 er
410 3217 589 3300 Theognida
612 3217 687 3298 ipso,
711 3218 766 3280 sed
782 3235 819 3281 ex
835 3215 991 3298 proverbii
1008 3217 1232 3281 consuetudine
1248 3215 1379 3300 petiisse

190 3321 326 3386 videtur.

297 3424 437 3506 Denique
460 3423 605 3488 hocloco
628 3422 876 3488 commemorabo
892 3421 1146 3504 similitudinem,
1170 3439 1246 3502 quae
1262 3421 1380 3504 legitur

194 3528 240 3593 lb.
263 3528 328 3593 419
351 3547 411 3611 sq.:

399 3651 482 3716 utque
497 3660 549 3714 per
567 3646 687 3700 alternos
706 3644 786 3698 uude
804 3644 910 3697 ludente
928 3657 1055 3696 recursus

451 3731 627 3786 subtrahetur
644 3746 738 3800 presso
755 3729 844 3784 mollis
862 3745 948 3783 areae
964 3728 1040 3797 pedi,

192 3857 292 3920 quam
314 3837 434 3920 primus
456 3834 586 3902 Ovidius
609 3854 645 3901 er
668 3837 753 3900 vitae
775 3834 949 3900 cotidianae
973 3851 1031 3898 usu
1055 3833 1274 3916 depromptam
1290 3833 1379 3897 adhi-

193 3941 300 4008 buisse
324 3940 460 4006 videtur.

300 4045 508 4110 Pervenimus
542 4043 609 4110 iam
631 4044 670 4110 ad
693 4063 744 4108 555
766 4043 937 4127 imagines,
972 4060 1049 4124 quas
1078 4061 1095 4106 5
1116 4041 1282 4106 hominum
1315 4040 1381 4104 vita

196 4154 228 4215 et
253 4150 340 4214 cultu
363 4153 395 4214 et
418 4148 511 4214 rebus
533 4148 677 4232 gerendis
702 4146 834 4212 Ovidius
857 4146 1032 4227 desumpsit
1055 4145 1109 4227 ita,
1141 4146 1178 4208 ut
1199 4144 1325 4210 nullum
1348 4142 1381 4207 in

195 4272 233 4318 ea
255 4270 288 4317 re
311 4252 491 4334 sequeretur
513 4252 682 4318 auctorem.
716 4250 750 4313 in
784 4249 898 4331 quibus
932 4248 1070 4332 primum
1104 4246 1210 4312 locum
1234 4245 1381 4311 obtinent

192 4375 260 4429 eae,
284 4375 363 4438 quae
387 4355 498 4420 adres
526 4355 653 4420 navales
683 4357 714 4418 et
736 4351 904 4436 navigandi
927 4355 1028 4417 artem
1050 4350 1220 4434 pertinent,
1255 4350 1380 4433 simpli-

194 4491 400 4502 ...n-——n-a

300 4561 331 4626 ⁴²)
351 4559 391 4618 ef.
412 4560 446 4621 11.
467 4562 483 4614 o
502 4565 551 4613 arv
570 4577 610 4630 sq.
