3370 5134
626 527 858 594 -127-

248 717 346 782 Poeta
369 716 453 781 enirn
476 715 508 780 in
532 715 640 780 fabula
665 713 743 780 VIII
767 715 1062 799 Metamorphoseon
1084 716 1159 781 libri
1174 715 1254 782 Xlli
1271 717 1333 785 Ga·

147 821 262 886 lateam
285 823 465 886 narrantem
488 820 576 898 facit,
607 822 722 904 quanto
744 837 848 884 amore
870 820 938 903 ipsa
960 839 977 884 a
995 817 1129 902 Cyclope
1152 822 1257 886 amata
1279 819 1332 885 sit.

146 942 207 1007 qua
231 925 264 987 in
286 942 320 987 re
352 925 490 1006 nympha
512 922 699 1006 Polyphemi
731 941 870 988 amorem
903 921 975 988 inde
997 941 1016 986 a
1038 940 1067 987 ν.
1094 921 1156 988 762
1179 941 1228 1006 sq.
1250 921 1333 989 hunc

145 1030 178 1092 in
201 1029 328 1092 modum
352 1025 519 1092 describit:

351 1145 419 1214 quid
436 1146 473 1199 eit
491 1160 576 1208 amor,
594 1145 678 1204 scotis
696 1143 843 1214 calidoque
861 1144 992 1214 cupidius
1011 1150 1110 1213 captus

353 1233 455 1298 uritur,
473 1231 575 1286 oblitos
587 1247 718 1300 pecorum
736 1236 935 1300 antrorumque
952 1247 1072 1316 ursorum.

144 1356 206 1420 qua
222 1357 295 1402 cum
312 1339 519 1423 descriptione
535 1355 664 1420 prorsus
688 1337 830 1419 congruit
853 1336 1049 1416 Theocritus,
1073 1337 1162 1402 cuius
1187 1337 1221 1403 in
1243 1335 1331 1420 idyll.

143 1440 192 1506 XI
214 1460 264 1508 vv.
289 1441 327 1505 11
352 1460 420 1526 sqq.
456 1439 588 1525 Cyclops
622 1440 774 1506 Galateas
808 1458 914 1506 amore
947 1439 1090 1506 incensus
1114 1442 1146 1506 et
1168 1441 1333 1506 immemor

142 1560 291 1627 pecorum
313 1563 442 1610 snorum
464 1545 509 1611 sic
532 1544 705 1610 inducitur:

351 1665 411 1719 ἀλλ’
429 1665 529 1732 ὀρθαῖς
548 1662 666 1730 μανίαις,
686 1663 785 1730 άγεῖτο
804 1664 835 1717 δὲ
853 1664 950 1718 πάντα
968 1664 1107 1732 πάρεργα.

350 1751 471 1805 πολλάκι
489 1753 536 1806 ταί
555 1752 614 1814 οἶες
633 1753 700 1805 ποτί
713 1748 844 1804 τωύλίον
863 1751 948 1804 αὐταί
967 1749 1099 1817 άπῆνθον

351 1840 465 1906 χλωρᾶς
483 1839 514 1892 ἐκ
534 1839 669 1905 βοτάνας·
692 1839 709 1891 ὁ
728 1839 759 1891 δὲ
776 1837 831 1891 τάν
851 1837 1006 1891 Γαλάτειαν
1024 1836 1131 1892 ἀείδων

351 1925 434 1979 atrei
453 1925 496 1979 ἐπ’
515 1925 613 1989 ἀϊόνος
631 1924 806 1978 κατετάκετο
826 1924 999 1990 φυκιοέσσος

350 2011 380 2066 ἐξ
398 2011 468 2076 door
507 2052 515 2064 .
558 2047 568 2064 .
611 2047 619 2064 .
662 2047 670 2062 .

141 2135 179 2182 ac
194 2113 425 2200 Polyphemum
438 2114 572 2198 pecudes
590 2115 762 2195 neglexisse
776 2117 860 2196 apud
873 2112 1022 2180 Ovidium
1036 2114 1192 2197 repetitur
1208 2132 1236 2178 ν.
1253 2111 1330 2182 781:

350 2226 492 2295 taleporos,
502 2225 623 2295 pecudes
640 2226 719 2280 nollo
737 2224 856 2282 ducente
872 2231 989 2282 secutas.

140 2326 196 2391 sed
219 2341 366 2406 superma
388 2322 514 2388 studuit
538 2326 631 2404 posta
653 2321 785 2388 Latinus
809 2320 967 2388 Theocriti
983 2321 1233 2408 descriptionem,
1259 2340 1330 2388 curn

140 2430 184 2507 id,
209 2425 292 2511 quod
313 2425 365 2492 hic
387 2425 487 2491 verbis
502 2425 619 2504 ,ἁγεῖτο
643 2429 680 2492 ts
701 2425 808 2491 πάντα
825 2426 973 2505 πάρεργα
988 2427 1148 2507 expressit,
1171 2425 1227 2491 ille
1242 2445 1331 2510 aper-

140 2531 207 2598 tius
230 2530 324 2613 atque
346 2529 470 2614 planius
492 2548 544 2594 νν.
572 2528 634 2596 ’ί68
658 2548 704 2611 sq.
727 2527 773 2594 sic
794 2528 1034 2611 significaverit:

348 2649 440 2706 coedis
457 2627 535 2702 umor
551 2647 701 2718 feritasque
717 2649 830 2718 sitisque
846 2649 973 2702 tomenta
989 2649 1098 2703 moeris

349 2741 466 2802 cessant,
484 2741 511 2791 et
529 2741 607 2790 tatae
624 2735 792 2805 conclusique
809 2735 966 2803 abmotqsse
984 2735 1106 2791 carinas.

140 2847 167 2912 si
191 2845 298 2912 autem
311 2841 454 2908 'Ovidius
476 2859 527 2907 νν.
551 2840 616 2907 764
637 2859 704 2924 sqq.
728 2840 960 2924 Polyphemum
981 2839 1101 2906 formae
1122 2857 1197 2908 suae
1220 2857 1328 2910 oonsu-

140 2952 260 3017 lentem
284 2946 377 3031 fingit
398 2945 448 3011 his
470 2944 592 3011 verbis:
1038 2967 1040 2973 ’

349 3067 456 3135 iamque
473 3065 525 3120 tibi
540 3065 656 3132 formas,
673 3064 784 3133 iamque
802 3069 842 3118 ost
859 3063 910 3118 teos
927 3079 996 3118 cura
1009 3063 1150 3133 plaomdr',

348 3151 405 3206 lom
422 3151 525 3222 rs'qs'dm
540 3151 628 3219 pesile
645 3151 753 3216 rastrm,
771 3150 945 3219 Polypheme,
963 3150 1086 3218 capillos,

348 3239 405 3293 tam
421 3238 486 3292 libet
502 3238 641 3292 hirsutam
659 3237 710 3290 tibi
727 3235 800 3302 falce
817 3235 940 3292 reddere
958 3236 1072 3292 barbam

350 3331 376 3380 et
392 3329 517 3393 spectare
535 3322 609 3389 seros
627 3323 660 3376 tre
678 3339 753 3394 aqua
771 3329 797 3377 st
815 3338 969 3392 conponere
985 3323 1086 3391 cultos,

140 3452 202 3500 non
224 3434 292 3498 tem
314 3430 462 3496 imitatus
484 3447 581 3513 quam
602 3428 781 3494 aemulatus
804 3428 855 3492 est
870 3426 1083 3507 Theocritum,
1108 3428 1162 3512 qui
1177 3428 1266 3514 idyll.
1284 3429 1330 3496 VI

142 3557 193 3604 vs.
218 3536 261 3602 34
282 3553 350 3618 sqq.
373 3533 450 3600 haec
472 3532 583 3599 habet:

349 3655 397 3708 καί
414 3655 470 3722 γάρ
489 3657 544 3720 θην
562 3653 625 3708 οὐδ’
643 3654 719 3717 εἶδος
737 3654 793 3720 ἔχω
813 3653 911 3720 κακόν,
931 3653 971 3717 ὥς
990 3670 1023 3719 με
1041 3653 1168 3720 λέγοντι·

347 3740 366 3806 ἠ
385 3739 442 3808 γάρ
460 3743 535 3808 coto
555 3739 584 3802 ἐς
601 3739 710 3794 πόντον
728 3739 889 3806 ἐσέβλεπον,
908 3741 943 3807 ῆς
961 3741 992 3794 δὲ
1010 3740 1131 3806 γαλάνα,

349 3826 395 3878 καί
413 3824 485 3878 καλά
505 3825 556 3889 μὲν
574 3823 611 3877 τά
629 3825 735 3890 γένεια,
753 3825 826 3880 καλά
845 3826 877 3879 δέ
896 3843 947 3892 μευ
967 3827 985 3880 ά
1005 3824 1053 3892 μία
1071 3827 1160 3896 subpo.

141 3948 215 3997 nam
240 3949 276 3994 ex
301 3928 462 4010 utriusque
486 3927 547 3992 loci
568 3927 736 4016 collatione
760 3931 886 4012 adparet
906 3931 938 3994 in
955 3928 1059 3994 Ovidii
1074 3929 1281 4015 descriptione
1296 3931 1327 3997 id

142 4053 216 4100 esse.
232 4031 406 4116 proprium,
422 4034 503 4115 quod
519 4031 747 4116 Polyphemum
764 4033 863 4098 crines
879 4032 1016 4099 hirsutos
1031 4035 1141 4099 rastrIs
1157 4035 1328 4117 fingentem

141 4141 173 4204 et
195 4135 326 4204 barbam
349 4134 507 4219 hispidam
530 4135 610 4200 falce
634 4138 815 4201 tondentem
832 4136 919 4220 facit,
951 4157 1030 4221 quae
1053 4137 1158 4204 omnia
1181 4136 1327 4222 Cyclopis

141 4240 355 4307 rusticitatem
378 4240 599 4305 venustissime
621 4239 788 4324 depingere
810 4257 902 4305 nemo
925 4260 986 4306 non
1007 4240 1177 4324 intellegit.

242 4344 350 4411 Habet
372 4347 479 4432 autem
494 4339 629 4412 Ovidius
651 4343 798 4409 comitem
813 4342 907 4409 huius
923 4343 1112 4410 imitationis
1127 4345 1326 4413 Theocritsae

143 4445 331 4532 Vergilium,
355 4447 409 4530 qni
432 4447 492 4513 ecl.
516 4448 550 4512 II
573 4466 622 4513 νν.
646 4446 688 4511 25
710 4463 777 4528 sqq.
801 4446 936 4512 eundem
959 4446 1057 4513 Siculi
1079 4449 1189 4532 poetae
1222 4448 1326 4516 locum

141 4550 308 4616 manifesto
332 4550 379 4616 sio
398 4551 544 4616 imitatus
568 4554 634 4616 est:
