3366 5132
846 515 1057 580 ,58-

355 707 524 772 imminens
549 705 599 769 vel
621 722 681 770 uno
705 702 800 768 verbo
824 703 857 768 in
880 704 937 768 hac
966 703 1123 787 scriptura
1147 705 1417 770 commemoratur.
1455 701 1541 766 idem

355 811 440 876 valet
463 811 500 874 de
523 806 625 873 isaaci
647 806 753 872 Vossii
778 807 959 872 coniectura
982 826 1000 872 a
1022 807 1174 874 Munrone
1205 809 1326 890 recepta
1356 806 1398 872 ‘et
1429 803 1542 870 validis

356 917 445 997 cycni
467 910 659 976 torrentibus
675 930 712 975 er
726 910 909 989 Heliconis,
926 909 960 974 in
976 928 1038 992 qua
1053 913 1175 993 praeter·
1192 929 1228 976 ea
1243 909 1390 992 displicet
1404 906 1538 976 ‘validis'

356 1036 427 1081 cum
446 1007 658 1080 ‘torrentibus'
681 1016 893 1090 coniunctum,
917 1018 953 1079 ut
975 1015 1120 1082 omittam
1135 1013 1225 1079 nullo
1248 1013 1315 1078 loco
1331 1017 1486 1079 torrentes
1509 1012 1541 1078 in

355 1119 504 1184 Helieone
518 1118 764 1182 commemorari.
778 1118 865 1182 cuius
877 1117 994 1184 montis
1011 1117 1068 1183 hoc
1082 1117 1150 1184 loco
1163 1120 1287 1202 propter
1299 1134 1336 1182 ea
1346 1118 1541 1182 mentionem

355 1223 429 1289 lecit
451 1222 631 1299 Lucretius,
654 1220 736 1302 quod
759 1239 870 1304 cycnos
894 1222 1003 1304 utpote
1028 1239 1101 1288 aves
1129 1221 1287 1302 Apollinis
1315 1221 1541 1303 Musarumque

355 1346 459 1393 sacras
480 1326 514 1390 in
537 1323 688 1390 Helicone
712 1323 903 1390 habitavisse
931 1327 1178 1392 consentaneum
1201 1329 1258 1390 est.
1299 1342 1377 1407 quae
1399 1343 1471 1390 cum
1493 1325 1541 1390 ita

356 1432 429 1508 sint,
462 1429 542 1494 nihil
576 1429 663 1494 aliud
696 1431 772 1510 puto
807 1430 907 1494 restat
940 1429 1001 1493 nisi
1037 1433 1072 1494 ut
1095 1428 1134 1494 ad
1158 1430 1373 1494 coniecturam
1406 1430 1467 1493 iam
1502 1428 1541 1492 ab

356 1533 493 1603 drancio
515 1534 707 1617 propositam
730 1536 935 1612 revertamur,
960 1535 1013 1616 qui
1028 1535 1111 1600 hunc
1135 1553 1261 1599 versum
1284 1534 1330 1600 ita
1345 1532 1542 1598 scribendum

355 1657 421 1704 esse
446 1637 585 1703 censuit:
609 1637 754 1702 ‘vallibus
778 1642 810 1702 et
832 1637 921 1721 cycni
945 1656 1020 1702 nece
1045 1637 1160 1702 detorti
1184 1657 1220 1701 es
1242 1635 1421 1702 Heliconis'.
1461 1653 1541 1718 quae

353 1741 529 1806 coniectura
552 1742 583 1806 et
607 1742 646 1807 ad
668 1741 789 1806 codices
812 1742 939 1824 propius
961 1741 1082 1806 accedit
1103 1743 1136 1807 et
1158 1741 1252 1806 simul
1276 1759 1402 1806 causam
1425 1743 1539 1804 cantus

355 1844 499 1930 lugubris
522 1844 650 1910 indicat.
674 1863 709 1909 ao
732 1844 825 1909 facile
847 1845 1033 1910 concesseris
1048 1835 1197 1910 ‘vallibus
1214 1844 1256 1909 et’
1271 1846 1388 1909 mutari
1404 1843 1541 1926 potuisse

355 1951 388 2014 iu
406 1941 450 2013 ‘et
485 1939 643 2026 uallibus,
677 1947 760 2030 quod
794 1965 866 2013 cum
899 1949 1000 2013 metro
1023 1967 1085 2013 non
1109 1950 1298 2030 conveniret,
1328 1946 1476 2014 librarius
1495 1939 1542 2010 ‘et

354 2047 478 2118 validis’
502 2052 636 2133 scripsit,
660 2053 842 2116 coniectura
865 2070 938 2116 sane
952 2051 1070 2135 inepta,
1087 2053 1141 2117 sed
1156 2070 1235 2134 quae
1250 2051 1278 2118 ei
1293 2069 1330 2116 ex
1345 2050 1541 2134 syllabarum

355 2173 501 2220 mensura
523 2152 664 2220 sufficere
688 2153 861 2221 videbatur.
889 2154 982 2222 ‘nece’
1005 2156 1111 2220 cutem
1135 2159 1316 2237 corruptum
1337 2158 1387 2219 est
1407 2155 1440 2218 in
1458 2154 1539 2218 ‘nete

354 2257 406 2322 vel
432 2256 524 2334 ‘neti',
548 2256 629 2320 unde
650 2255 759 2321 littera
780 2276 797 2321 c
820 2255 859 2321 ab
883 2261 1055 2322 correctore
1079 2276 1173 2340 supra
1206 2257 1325 2340 scripta
1358 2259 1462 2324 ortum
1491 2259 1540 2322 est

358 2361 460 2426 ‘necti'
483 2362 516 2425 et
537 2350 645 2443 ‘cycni'
677 2362 749 2425 ante
774 2359 877 2425 ‘necti’
909 2359 1071 2426 intercidit
1098 2362 1223 2444 propter
1245 2361 1338 2424 huius
1360 2359 1446 2426 vocis
1469 2378 1541 2424 cum

354 2464 532 2546 insequenti
548 2463 798 2529 similitudinem.
830 2464 964 2546 denique
978 2467 1086 2529 utrum
1102 2482 1173 2529 cum
1191 2465 1327 2529 Avantio
1342 2463 1542 2530 scribendum

354 2570 396 2633 sit
421 2567 554 2633 ‘detorti'
577 2586 633 2645 an,
667 2569 750 2650 quod
774 2568 876 2650 magis
899 2568 977 2632 mihi
1007 2567 1147 2651 adridet,
1176 2564 1347 2652 ‘contorti',
1381 2567 1412 2632 in
1440 2569 1542 2634 medio

354 2671 539 2753 relinquam.
563 2675 647 2738 certe
669 2689 731 2737 non
753 2671 899 2738 abhorret
928 2672 966 2736 ab
989 2672 1047 2738 hoc
1069 2673 1137 2737 loco
1161 2672 1293 2737 verbum
1315 2672 1479 2754 torquendi
1501 2677 1542 2739 ab

354 2774 500 2839 Lucretio
524 2776 630 2841 eodem
654 2774 717 2840 iere
739 2795 830 2841 seusu
851 2775 951 2840 altero
973 2775 1041 2840 loco
1064 2776 1203 2841 111490
1230 2775 1421 2841 adhibitum.
1454 2775 1542 2841 vides

355 2879 418 2942 iam
452 2878 511 2943 hac
532 2879 690 2960 scriptura
712 2881 839 2961 recepta
860 2878 1102 2944 similitudinem
1123 2879 1280 2961 quandam
1302 2879 1386 2944 inter
1402 2879 1540 2944 Lucretii

354 2985 457 3047 locum
480 2984 512 3046 et
534 2982 688 3066 imagines
711 2982 751 3048 ab
774 2983 886 3049 Ouidio
908 2984 1073 3066 usurpatas
1089 2984 1229 3049 existere.
1254 3001 1333 3064 quae
1349 3000 1540 3065 quamquam

356 3105 417 3150 non
440 3087 485 3150 ita
507 3089 686 3168 comparata
720 3089 783 3164 est,
807 3091 843 3151 ut
866 3085 1014 3154 Ovidium
1048 3089 1081 3152 in
1104 3087 1163 3151 hac
1193 3085 1331 3170 imagine
1364 3085 1542 3152 adhibenda

355 3191 534 3255 Lucretium
571 3207 638 3254 esse
676 3193 820 3254 secutum
855 3209 911 3273 pro
951 3193 1035 3256 certo
1073 3189 1239 3256 adfirmare
1278 3189 1393 3273 possis,
1431 3190 1538 3254 tamen

355 3294 496 3376 suspicor
519 3311 590 3357 eum
612 3293 793 3357 Lucretium
822 3294 926 3375 potius
956 3293 1117 3359 imitatum
1141 3311 1325 3377 essequam
1349 3293 1540 3377 Aeschylum

356 3399 387 3460 et
409 3396 607 3478 Euripidem,
642 3415 713 3462 cum
736 3400 769 3462 et
791 3398 894 3461 minor
926 3397 1009 3462 inter
1042 3397 1153 3462 horum
1187 3400 1218 3461 et
1242 3396 1347 3462 Ovidii
1379 3397 1464 3462 locos
1497 3395 1540 3459 sit

355 3498 529 3564 similitudo
552 3501 585 3564 et
601 3499 749 3565 Ovidium
772 3501 924 3584 imagines
947 3519 1018 3567 suas
1040 3500 1202 3566 rarissime
1225 3521 1261 3565 ex
1284 3499 1386 3583 poetis
1408 3497 1541 3584 tragicis

355 3602 496 3669 hausisse
520 3605 608 3668 const
627 3604 651 3671 t.

459 3723 517 3789 Sed
528 3724 605 3790 haec
611 3722 738 3808 quidem
752 3722 918 3807 haetenus3
930 3723 1094 3791 veniamus
1103 3723 1167 3790 iam
1175 3725 1214 3790 ad
1221 3723 1541 3804 alterumexemplum

355 3827 503 3912 imaginis
522 3846 558 3892 ex
573 3826 763 3892 animalibus
779 3827 905 3910 petitae,
923 3828 954 3892 in
971 3844 1030 3910 quo
1048 3828 1125 3892 mihi
1141 3829 1267 3911 quidem
1282 3825 1414 3894 Ovidius
1430 3831 1541 3910 aperte

355 3930 491 3996 Lucretii
515 3930 652 4015 vestigia
673 3933 820 4012 pressisse
844 3931 978 3997 uidetur.
1003 3933 1121 3996 etenim
1143 3931 1238 3997 Trist.
1263 3931 1290 3995 V
1313 3933 1334 3997 9
1367 3931 1422 3996 ille
1445 3929 1541 3995 amici

354 4033 448 4100 fidem
470 4033 590 4113 laudat,
614 4035 701 4099 cuius
724 4034 871 4100 beneficia
895 4053 928 4099 se
949 4034 1084 4100 libenter
1106 4035 1251 4100 omnibus
1282 4038 1358 4101 uota
1380 4033 1542 4101 facturum

355 4139 453 4203 fuisse
476 4139 563 4216 dicit,
588 4139 615 4204 si
638 4137 693 4202 illo
716 4137 750 4201 in
772 4144 883 4220 poetae
905 4139 993 4205 libris
1016 4157 1048 4203 se
1064 4139 1219 4203 nominari
1234 4141 1404 4221 pateretur.
1429 4135 1543 4221 ‘aegre’

355 4241 432 4308 dicit
461 4240 591 4309 Ovidius
620 4261 670 4309 vv.
701 4241 744 4306 25
767 4260 833 4324 sqq.
868 4242 945 4306 ‘mea
972 4243 1064 4307 Musa
1093 4259 1126 4306 se
1149 4243 1297 4321 continet,
1327 4241 1468 4324 quamvis
1497 4241 1544 4306 sit

355 4347 439 4412 iussa
461 4346 562 4429 silere,
586 4345 661 4429 quin
685 4349 717 4409 te
739 4345 897 4410 nominet:

560 4471 645 4535 atque
663 4481 757 4519 canem
770 4465 893 4534 pavidae
910 4471 1022 4520 aemam
1040 4465 1154 4536 vestigia
1172 4480 1266 4520 cervae

614 4552 766 4606 iactantem
780 4552 889 4616 fruet-ra
907 4553 1007 4619 copula
1026 4551 1096 4606 dara
1115 4558 1196 4615 tenet,
