3366 5132
831 543 1043 608 ,90-

345 732 431 796 tione
453 733 613 796 versutum
629 749 694 798 esso
709 730 765 809 itu,
789 735 826 796 ut
848 749 909 795 non
927 738 992 796 turn
1008 730 1045 796 de
1061 730 1237 797 imitatione
1254 749 1349 814 quum
1363 731 1400 795 de
1414 731 1528 796 studiis

345 832 541 900 Lucretienis
557 835 687 917 cogitari
703 835 814 916 possit.
837 835 870 898 in
885 833 963 899 ldet.
986 834 1072 899 euim
1095 833 1176 898 libro
1199 833 1246 898 IX
1268 837 1375 898 narret
1389 831 1528 913 Ovidius,

346 953 438 1020 quem
458 936 497 1001 ud
513 937 641 1002 modurn
657 935 780 1015 nicius,
799 936 853 1019 qui
868 935 997 1002 Herculi
1021 936 1151 1002 istnlsm
1166 936 1257 1002 illum
1279 938 1418 1001 tunicum
1441 937 1528 1002 obtu

344 1040 435 1118 leret,
458 1038 497 1106 ab
522 1038 578 1104 illo
600 1039 634 1104 in
657 1057 741 1105 mure
763 1040 937 1105 Euboicum
960 1041 1118 1123 proiectus
1141 1040 1282 1106 mutatus
1308 1039 1399 1104 sitin
1415 1041 1526 1105 durum

345 1161 465 1208 sunum.
487 1161 566 1224 qnae
589 1145 722 1208 mutatio
746 1162 777 1208 v.
800 1143 865 1208 220
882 1162 949 1227 sqq.
974 1143 1031 1209 huc
1054 1144 1236 1226 depingitur
1258 1143 1485 1210 similitudine:

551 1269 635 1331 utque
651 1263 748 1330 fuuut
765 1261 863 1317 imbres
880 1261 978 1332 pelides
996 1277 1165 1318 concrescere
1183 1264 1278 1328 uentu,

549 1348 617 1403 iude
634 1349 711 1403 uiues
727 1349 798 1417 pieri,
817 1348 926 1404 uicibus
943 1362 1048 1418 quoquc
1065 1349 1145 1403 molle
1163 1351 1261 1403 rotatis

550 1435 689 1506 aduriuqi
706 1441 733 1489 ct
749 1436 838 1504 spissa
856 1435 1003 1505 plomerurt
1020 1435 1163 1504 mundius
1180 1449 1297 1502 corpus:

548 1524 589 1577 su'c
606 1522 683 1576 ellum
701 1521 802 1575 caliclos
819 1521 924 1576 iustum
938 1537 992 1589 pce
1008 1522 1095 1575 tuque
1113 1522 1224 1575 lucentes

548 1623 768 1678 ccsouquemque
783 1613 859 1661 metu
875 1623 925 1660 uec
941 1609 1085 1677 quicquum
1102 1608 1206 1662 umoris
1223 1607 1366 1661 lubentem

552 1696 585 1749 iu
601 1693 708 1765 sipirtus
725 1709 832 1749 uersum
849 1693 939 1768 silices
953 1694 1037 1761 prior
1054 1692 1141 1748 edidit
1159 1699 1244 1748 actus

345 1834 499 1901 quocum
522 1819 590 1884 loco
613 1803 752 1884 conferas
788 1837 835 1892 ee,
870 1835 949 1898 ques
983 1819 1066 1900 apud
1090 1818 1270 1884 lucretium
1307 1817 1351 1883 Vl
1373 1817 1436 1881 527
1462 1834 1525 1898 sqq.

345 1922 513 2005 leguntur:

448 2062 450 2069 ι
549 2029 642 2078 cetere
659 2041 731 2093 quoe
748 2041 834 2080 cursu
851 2029 978 2080 uesouut
995 2039 1131 2092 cursuque
1149 2026 1289 2085 cumulus,

548 2115 573 2164 et
590 2125 661 2178 queue
678 2117 860 2166 coucreseuut
878 2112 910 2165 tu
928 2111 1053 2174 uubtbus,
1072 2110 1174 2172 omuiu,
1191 2125 1325 2178 prorsum

515 2231 518 2240 Δ
548 2197 648 2260 omuiu,
668 2198 727 2260 uic,
745 2198 827 2262 veuit,
845 2195 962 2266 praescio,
980 2196 1141 2266 peltdueque
1155 2196 1286 2264 pruinae,
1364 2233 1368 2250 .
1460 2229 1469 2255 α

549 2290 575 2338 et
593 2284 634 2339 ors
651 2301 752 2356 mwue
767 2285 831 2355 peti,
849 2301 979 2354 maquum
998 2284 1132 2338 duramen
1150 2299 1295 2352 uquarum,

550 2375 578 2424 et
592 2386 669 2424 ucoca
686 2387 757 2438 quoe
774 2371 872 2438 fluuios
886 2371 992 2438 possim
1008 2369 1136 2435 refreuat
1155 2372 1253 2434 euutis,

547 2455 709 2524 perfacilest
728 2461 819 2510 tumeu
837 2457 905 2510 huuc
922 2457 1046 2523 reperire
1064 2457 1209 2525 animoque
1226 2455 1319 2509 einim

548 2545 641 2600 omues
658 2557 711 2613 quo
727 2551 810 2612 pacto
828 2545 901 2610 fiunt
918 2561 974 2612 quc
991 2559 1052 2599 reue
1071 2551 1208 2611 creentur,

549 2648 609 2688 curu
628 2631 694 2685 teuc
712 2633 838 2701 coquorts
856 2633 994 2686 elemeuto's
1011 2631 1123 2686 redditu
1141 2648 1212 2702 quoe
1229 2633 1295 2686 siut.

345 2752 431 2819 vides
453 2751 518 2818 iem
541 2754 743 2820 menifestum
767 2755 851 2819 inter
874 2758 1041 2838 utrumqne
1065 2756 1169 2821 locum
1192 2754 1380 2821 intercedere
1412 2752 1530 2832 simili-

343 2855 496 2921 tudinem.
520 2875 582 2939 qus
603 2857 636 2926 iu
659 2875 692 2921 re
715 2858 933 2923 constituenda
954 2859 987 2922 in
1011 2860 1122 2942 primis
1151 2858 1346 2940 urguendum
1377 2857 1425 2923 est
1446 2857 1530 2922 illud

343 2959 466 3024 ‘iorum'
480 2961 519 3024 eb
531 2957 644 3024 Ouidio
657 2961 805 3044 positum.
828 2962 987 3045 significet
1003 2963 1085 3026 enim
1103 2961 1133 3026 N
1136 2980 1189 3027 uso
1206 2963 1262 3028 hoc
1276 2963 1382 3040 verbo,
1407 2959 1526 3044 siquid

344 3061 445 3141 video,
469 3081 530 3127 non
554 3062 642 3147 vulgi
665 3061 853 3144 opinionem,
882 3068 935 3130 sed
958 3065 1120 3130 hominurn
1151 3067 1313 3131 doctorum
1344 3063 1530 3131 sententies.

342 3183 437 3249 quem
459 3169 495 3232 tu
518 3169 625 3230 sutem
649 3172 743 3248 putus
766 3168 868 3250 mapps
898 3169 938 3232 ab
961 3167 1072 3235 ovidio
1101 3167 1311 3251 significatum
1340 3185 1406 3234 esee
1434 3185 1529 3252 quum

344 3285 425 3348 eum,
450 3270 500 3334 cui
522 3269 696 3353 plurimum
711 3271 807 3335 illum·
819 3273 961 3337 studium
977 3271 1167 3356 impendisse
1182 3271 1247 3337 ium
1262 3272 1340 3336 sutis
1356 3269 1531 3352 docuimus,

342 3372 653 3442 curationesque
675 3393 720 3454 ee,
743 3394 821 3458 quoe
843 3377 963 3459 profert
985 3375 1124 3455 Ovidius,
1147 3377 1240 3459 plano
1255 3377 1433 3460 conspirent
1454 3393 1531 3441 cum

341 3473 536 3543 Lucretiunis
569 3482 664 3562 utque
687 3479 763 3544 odeo
786 3479 912 3562 singule
945 3480 1044 3546 verbu
1067 3482 1206 3563 produnt
1227 3481 1380 3561 colorem,
1415 3479 1473 3563 qui·
1495 3481 1528 3544 in

341 3579 435 3644 huius
467 3580 660 3648 sermionem
692 3581 861 3646 inuenitur.
895 3601 989 3664 quum
1024 3601 1091 3648 rem
1114 3587 1150 3648 nt
1171 3579 1346 3666 intellegor,
1370 3581 1532 3649 condense

341 3701 465 3768 quaeso,
489 3704 568 3768 ques
590 3687 632 3756 in¹
645 3681 753 3752 eodem
770 3688 905 3753 ercrctii
928 3687 1010 3755 libro
1027 3709 1055 3754 v.
1077 3683 1136 3753 107
1153 3692 1187 3754 et
1211 3691 1269 3754 iii
1286 3707 1353 3772 sqq.
1368 3688 1529 3769 rugosum.

444 3806 504 3871 His
539 3824 610 3871 cnm
644 3807 925 3890 similitudinibus,
960 3827 1037 3893 quas
1064 3785 1164 3875 ‘modo
1202 3809 1422 3888 tractavimus,
1457 3795 1544 3874 aruo

341 3907 533 3993 cognationis
557 3909 683 3975 vinculo
706 3912 890 3978 coniunctae
903 3920 976 3979 sunt
993 3933 1045 3980 esc
1066 3910 1228 3997 imagines,
1246 3929 1325 3995 quus
1340 3913 1380 3977 ed
1395 3912 1528 4002 nubium

341 4013 485 4078 naturum
508 4011 675 4096 pertinent.
709 4015 824 4098 quein
850 4018 1040 4082 remurinus
1070 4016 1251 4082 studiosum
1285 4035 1321 4082 ac
1355 4031 1526 4080 memorem

341 4133 407 4180 sese
428 4115 585 4200 praestitit
607 4115 739 4182 Ouidius
760 4120 978 4203 descriptionis
1002 4122 1205 4186 Lucretisnee
1230 4119 1275 4185 VI
1299 4119 1364 4186 189
1384 4137 1470 4205 sqq:
1512 4207 1514 4210 Ι

546 4236 745 4304 contemplator
764 4238 844 4306 euim,
865 4255 926 4293 cum
944 4241 1082 4294 recutitur
1099 4239 1269 4294 adsimulata

545 4321 645 4374 uutu‘lu
658 4323 813 4389 portubuut
830 4325 906 4378 ocuti
923 4331 1084 4380 transuersa
1097 4341 1151 4393 per
1169 4339 1262 4385 curus.

545 4412 595 4461 aut
613 4407 661 4460 ubi
675 4424 729 4476 per
747 4426 858 4479 mwuos
875 4412 976 4465 monus
994 4411 1133 4465 cumulato
1152 4411 1256 4466 uidebis

544 4496 663 4563 iusuper
681 4510 736 4548 csse
754 4497 818 4550 ultis
835 4497 895 4550 ulie
912 4503 993 4565 ueqrue
1010 4511 1129 4568 uuqusre
1145 4513 1267 4567 superus

545 4583 577 4636 iu
594 4582 712 4636 staticus
731 4582 820 4636 locuto
837 4583 953 4651 sepultis
971 4583 1095 4652 uuds'que
1113 4586 1216 4652 ocutis;
