3370 5134
817 545 1052 610 -132-

340 732 390 799 est
410 730 476 813 hoc,
501 733 583 818 quod
606 732 736 799 Ovidius
758 732 889 817 lepores,
913 751 1051 815 caprum,
1075 731 1291 798 columbarum
1320 749 1384 814 par,
1416 731 1528 797 nidum

339 856 355 902 e
378 836 540 902 cacumine
563 837 724 921 demptum
750 837 784 901 iu
807 838 1013 919 descriptione
1036 834 1169 901 induxit.
1195 836 1328 919 denique
1343 833 1529 901 felicissime

337 941 481 1005 versatus
505 940 553 1006 est
576 941 668 1023 poeta
697 941 729 1005 in
753 957 797 1018 eo,
834 943 914 1023 quod
938 939 1138 1005 Theocritum
1173 938 1350 1004 aemulatus
1383 938 1526 1022 geminos

338 1043 458 1108 catulos
480 1059 569 1108 ursae
593 1043 722 1109 villosae
746 1042 894 1109 exhibuit.
930 1061 990 1125 qua
1013 1044 1046 1108 in
1069 1061 1103 1107 re
1127 1041 1338 1107 admonitione
1372 1040 1425 1108 rix
1448 1057 1528 1124 opus

338 1149 386 1212 est
419 1146 544 1230 poetam
574 1145 612 1211 do
644 1145 800 1213 industria
822 1146 929 1212 codem
952 1147 1061 1229 modo,
1097 1165 1156 1230 quo
1178 1145 1377 1223 Theocritus,
1413 1162 1523 1209 vocem

338 1250 447 1316 ‘ursae'
470 1249 583 1315 ultimo
606 1250 673 1316 loco
695 1251 844 1333 posuisse.

441 1371 500 1436 Sed
534 1390 573 1436 ne
608 1372 677 1456 quis
699 1369 844 1454 opinetur
869 1370 1019 1438 Ovidium
1053 1373 1157 1437 esolo
1180 1370 1344 1436 Theocrito
1378 1369 1524 1454 pendere,

337 1477 507 1560 perlustres
530 1474 628 1540 velim
651 1473 784 1557 Vergilii
806 1494 836 1540 r.
860 1473 989 1540 40-42
1013 1476 1138 1558 eclogae
1154 1475 1197 1556 II,
1215 1475 1270 1541 ubi
1285 1473 1375 1539 Maro
1392 1472 1522 1539 eundem

336 1577 433 1644 Siculi
455 1581 565 1664 poetae
586 1581 689 1644 locum
711 1580 757 1644 sic
779 1579 923 1645 imitatus
947 1583 1012 1644 est:

538 1703 686 1767 praeterea
704 1698 759 1754 dcco
778 1714 827 1752 aec
845 1704 908 1752 tata
926 1699 993 1753 mihi
1011 1699 1081 1753 calle
1098 1698 1204 1766 reperti

541 1785 670 1854 capreoli,
688 1785 796 1854 sparsis
814 1785 896 1840 etiam
915 1801 991 1840 canc
1005 1784 1124 1854 pellitae
1142 1784 1216 1852 alho;

543 1871 610 1926 blaa
627 1871 673 1925 die
692 1871 799 1927 siccant
817 1870 874 1925 ovio
891 1871 992 1924 abero:
1009 1886 1077 1941 qaas
1094 1869 1145 1924 tibi
1161 1885 1246 1924 seroo.

336 1997 390 2081 qui
405 1995 492 2063 locus
505 1995 654 2079 quantam
668 1995 734 2060 uim
749 1996 782 2060 in
796 1994 899 2063 Ovidii
916 1999 1055 2060 mentem
1072 1993 1251 2074 exercuerit,
1266 1999 1350 2060 certe
1364 1997 1525 2060 neminem

337 2100 472 2184 effugere
494 2102 610 2185 potest.
633 2119 704 2165 nam
729 2100 867 2183 primum
896 2099 1021 2182 quidem
1051 2099 1254 2165 statuendum
1284 2102 1332 2164 est
1361 2097 1525 2164 Nasonem

336 2205 404 2271 siue
427 2204 523 2274 dubio
542 2202 718 2288 Vergilium
741 2203 961 2287 respicientem
986 2203 1160 2269 catulorum
1178 2222 1343 2269 numerum
1360 2202 1524 2268 minuisse.

338 2307 448 2374 deiude
472 2308 611 2373 imitatio
635 2305 818 2388 Vergiliana
841 2305 1032 2390 conspicitur
1054 2305 1088 2370 iu
1112 2307 1245 2388 repetito
1270 2309 1361 2372 verho
1385 2307 1522 2389 iuveni,

340 2414 453 2497 quippe
476 2431 536 2496 quo
559 2408 687 2475 Ovidius
709 2410 788 2475 illud
811 2409 949 2475 Maronis
971 2404 1117 2492 ‘capreoli
1147 2409 1311 2492 reporti’
1339 2409 1526 2476 reddiderit.

337 2516 468 2600 denique
482 2517 568 2583 Naso
592 2511 695 2581 verbis
711 2514 904 2598 Vergilianis
926 2509 1052 2598 ‘sparsis
1076 2513 1172 2581 etiam
1189 2533 1271 2580 nunc
1287 2516 1421 2599 pellibus
1438 2516 1524 2596 albo,

335 2621 408 2686 hina
429 2620 481 2696 ,dic
503 2619 622 2685 siccant
655 2619 721 2684 ovis
744 2618 850 2683 ubera’
875 2618 1008 2700 (scilicet
1033 2617 1176 2701 ‘capreoli
1198 2617 1337 2702 reperti)
1363 2619 1526 2685 excitatus

337 2743 405 2791 esse
427 2723 561 2801 videtur,
586 2728 621 2788 ut
644 2723 763 2788 catulos
787 2723 928 2807 geminos
950 2721 1071 2788 similes
1095 2721 1177 2788 inter
1191 2741 1231 2800 se,
1255 2726 1291 2787 ut
1308 2721 1361 2788 vix
1378 2723 1525 2807 dignosci

336 2829 473 2913 possent,
496 2827 667 2892 induceret.

439 2949 508 3013 Iam
531 2945 742 3031 Polyphemus
767 2947 924 3011 continere
947 2965 1011 3010 seso
1034 2965 1096 3011 non
1118 2948 1230 3029 potest,
1254 2947 1329 3029 quin
1346 2965 1376 3012 r.
1394 2946 1456 3013 838
1474 2967 1524 3032 sq.

336 3051 502 3122 Galateam
526 3049 575 3115 his
599 3048 703 3114 uerbis
724 3047 847 3132 inritet,
872 3052 907 3114 ut
930 3049 969 3113 ad
991 3067 1022 3114 ae
1045 3049 1167 3115 veniat:

540 3169 597 3226 iam
615 3169 694 3224 modo
712 3169 837 3224 caeruleo
855 3168 977 3224 attidem
994 3174 1078 3236 caput
1096 3183 1176 3223 eaere
1190 3174 1287 3236 ponto,

539 3255 604 3320 tam,
629 3251 754 3318 Galatea,
773 3255 845 3322 ceci,
865 3270 915 3310 aec
932 3269 1048 3309 macera
1066 3253 1174 3322 despice
1192 3260 1300 3308 costra.

336 3380 385 3445 his
408 3400 529 3465 quoque
544 3381 578 3446 in
593 3380 733 3444 uersibus
750 3379 910 3447 Ouidianis
927 3379 1094 3460 conspicua
1109 3385 1156 3443 est
1171 3378 1354 3444 Theocritea
1370 3380 1525 3464 imitatio,

335 3485 586 3569 quandoquidem
607 3483 693 3550 Naso
716 3482 882 3549 manifesto
905 3483 994 3568 idyll.
1017 3481 1063 3547 XI
1087 3500 1116 3547 r.
1142 3481 1183 3546 63
1205 3499 1250 3566 sq.
1273 3483 1441 3566 spectavit:

540 3622 662 3686 ἐξένθοις
681 3621 818 3676 Γαλάτεια
837 3624 884 3676 καὶ
901 3621 1049 3676 ἑξενθοῖσα
1068 3622 1166 3677 λάθοιο
1253 3651 1255 3654 -

541 3709 638 3778 ὥσπερ
657 3708 734 3774 ἐγὼν
752 3712 805 3762 νῦν
824 3709 882 3764 ὧδε
900 3707 1060 3775 καθήμενος
1078 3707 1171 3764 οἴκαδ’
1190 3708 1335 3764 ἀπενθείν.

334 3851 413 3915 quae
436 3831 573 3898 imitatio
596 3831 642 3897 ita
664 3834 712 3905 est
727 3834 916 3914 comparata,
933 3835 970 3896 ut
986 3847 1047 3897 uon
1063 3833 1165 3897 solum
1181 3831 1321 3914 singulae
1336 3831 1522 3908 sententiae,

335 3954 443 4001 rerum
467 3935 564 4000 etiam
587 3935 713 4019 singula
735 3933 831 4000 uerba
853 3935 939 4000 iuter
961 3955 1028 4002 seso
1050 3935 1268 4017 respondeant.
1291 3936 1344 4001 sod
1367 3934 1519 4002 Ouidium

333 4039 457 4122 praeter
471 4038 569 4126 ‚hunc
597 4037 754 4103 Theocriti
783 4037 888 4103 locum
919 4040 1015 4104 etiam
1043 4038 1129 4122 prius
1160 4037 1398 4105 hemistichium
1421 4058 1452 4104 v.
1475 4039 1522 4106 42

333 4143 474 4208 eiusdem
506 4141 625 4226 idylliir
657 4139 726 4207 ἀλλ’
747 4141 909 4224 ἀφίκευσο
943 4141 1015 4210 ποθ’
1040 4143 1100 4223 ἁμέ
1121 4147 1196 4208 aute
1230 4142 1334 4209 oculos
1369 4143 1519 4210 habuisse

332 4265 369 4312 ox
390 4247 460 4328 ipsa
482 4245 643 4328 utriusque
665 4243 725 4309 loci
749 4245 916 4311 collatione
938 4250 1046 4330 sponte
1068 4246 1206 4329 adparet.

435 4366 599 4448 Versibus,
634 4366 687 4449 qui
720 4369 856 4450 proxime
880 4370 1041 4448 secuntur,
1076 4367 1207 4451 Cyclops
1241 4367 1279 4432 de
1304 4367 1439 4450 corporis
1461 4367 1513 4432 aui

331 4469 565 4554 pulchritudine
594 4470 723 4535 minime
745 4469 886 4548 dubitat
921 4489 993 4536 nam
1016 4470 1144 4537 Ovidius
1179 4491 1250 4537 sum
1285 4471 1363 4537 haec
1400 4488 1516 4538 canon·

332 4572 513 4639 confecit:
