3370 5134
627 503 863 570 -lrl-

145 715 242 780 quam
265 693 438 780 imaginem
460 713 531 759 eum
552 692 752 758 usitatiorem
775 695 806 756 et
821 691 979 757 tritiorem
995 709 1060 756 esse
1076 693 1231 772 quondam
1248 689 1331 774 eogi-

143 805 258 878 tarem,
283 798 366 882 apud
389 797 466 862 alios
489 799 519 862 et
543 795 676 861 Graecos
699 798 730 860 et
753 795 883 861 Latinos
905 800 1012 877 poetas
1035 794 1156 858 similia
1184 793 1325 876 quaesivi

144 901 296 985 exempla.
331 904 363 967 at
397 919 486 984 spem
518 899 718 985 laboremque
751 915 913 964 successus
946 897 1105 964 destituit.
1144 917 1217 963 nam
1246 899 1328 979 apud

143 1006 306 1073 nemiuem
329 1005 458 1070 eandem
472 1007 655 1086 usurpatam
668 1003 776 1068 inveni
793 1003 964 1083 imaginem
979 1001 1040 1067 nisi
1057 1003 1139 1087 apud
1155 999 1326 1081 Catullum,

145 1110 201 1192 qui
225 1129 250 1176 o.
273 1109 346 1174 LXI
370 1107 432 1172 102
454 1127 520 1191 sqq.
536 1111 667 1173 eandem
683 1106 928 1174 similitudinem
943 1125 1069 1192 prorsus
1086 1108 1194 1171 eadem
1209 1105 1330 1171 ratione

145 1213 330 1278 institutam
353 1213 496 1297 praebet:

560 1352 633 1406 lecta
650 1352 719 1420 quta
736 1352 811 1407 celat
830 1351 936 1406 odollae

611 1439 675 1494 olta'e
692 1438 809 1508 inplicet
827 1439 948 1502 arbores,

610 1527 790 1596 inpllcobitar
806 1527 839 1581 e're
855 1533 935 1582 taam

562 1615 737 1683 compleoeum.
758 1611 762 1619 ’

145 1751 224 1816 qnae
246 1733 351 1817 imago
375 1753 436 1800 non
458 1736 562 1819 potuit
579 1754 639 1801 non
655 1736 689 1801 in
704 1734 810 1802 Ovidii
834 1739 984 1802 memoria
1006 1735 1231 1816 inhaerescere,
1255 1757 1334 1822 quo·

145 1837 232 1901 niam
256 1857 291 1902 ea
313 1857 350 1903 ex
373 1837 514 1923 Sapphus
536 1839 683 1916 carmine,
706 1840 742 1904 ut
765 1839 899 1924 videtur,
931 1838 1069 1924 proiecta
1095 1839 1188 1906 LXII
1202 1841 1245 1906 49
1261 1858 1329 1925 sqq.

144 1941 192 2005 sic
214 1941 383 2026 repetitur:

350 2079 488 2135 alcidae
505 2079 537 2134 iu
553 2079 631 2134 audo
648 2079 712 2135 altis
729 2093 800 2149 qoce
817 2079 942 2133 amciter
958 2094 1024 2134 oreo

351 2183 503 2235 nimquam
519 2181 548 2220 se
566 2165 676 2233 extollit,
694 2181 845 2234 nonquam
862 2164 953 2220 sudem
971 2165 1069 2221 ecluect
1085 2182 1176 2236 uvam,

352 2255 401 2311 aed
418 2260 542 2308 terracon
556 2269 646 2323 prono
664 2252 809 2322 deflecteret
825 2251 949 2321 poedore
966 2268 1066 2322 corpere

351 2343 409 2397 iam
426 2341 482 2396 iem
500 2341 632 2420 contingit
648 2357 783 2395 sommam
800 2339 896 2395 radice
912 2340 1047 2411 stapedum
1052 2361 1062 2408 ,·

352 2429 424 2484 eane
441 2429 514 2483 aelli
531 2429 680 2498 agricolae,
700 2427 772 2481 nolli
790 2428 898 2481 coluere
916 2427 1039 2482 bebulci:

350 2519 380 2568 ct
397 2515 423 2568 et
438 2513 511 2580 torte
529 2512 649 2568 eederet
666 2513 739 2567 almo
758 2513 905 2568 coniuncto
922 2513 1030 2582 manto,

349 2599 525 2656 mellidium
543 2600 684 2670 agricolae,
702 2599 783 2654 molti
800 2599 906 2654 cotem
924 2599 1048 2656 ceomm-

349 2687 388 2742 ea'c
404 2687 478 2757 otepo
497 2685 563 2741 deor
581 2687 691 2741 intacto
707 2691 809 2753 menet,
828 2685 895 2740 dam
911 2687 1020 2742 inculte
1036 2687 1157 2743 resumit.

141 2811 281 2879 imitatio
316 2816 398 2877 certe
431 2809 690 2876 manifestissima
724 2813 819 2891 atque
842 2809 1015 2876 certissima
1038 2815 1095 2896 est,
1125 2814 1235 2896 utpote
1259 2832 1331 2881 cum

142 2937 203 2984 non
237 2916 338 2981 solum
372 2935 436 2980 una
459 2915 631 2998 eademqne
664 2913 831 2998 descriptio
866 2913 899 2978 in
922 2913 1130 2982 similitudine
1152 2916 1329 3000 inducatur,

141 3021 318 3088 sedetiam
349 3020 384 3084 in
412 3018 515 3104 priore
538 3017 658 3084 Catulli
690 3017 757 3083 loco
789 3018 895 3102 imago
929 3018 1029 3084 eidem
1052 3017 1098 3085 roi
1121 3020 1331 3088 illustrandae

141 3124 310 3204 inserviat,
351 3122 402 3189 cui
438 3119 542 3187 Ovidii
576 3121 802 3188 similitudines
837 3140 932 3204 snpra
964 3124 1150 3206 propositae.
1186 3127 1330 3208 quocirca

142 3229 266 3296 etiamsi
289 3228 472 3320 fortassean
494 3227 557 3293 alio
579 3227 673 3310 poeta
687 3225 807 3292 similes
824 3226 1049 3311 descriptiones
1064 3228 1201 3312 proferre
1216 3230 1330 3315 possis,

140 3334 242 3401 veluti
265 3351 301 3398 ex
323 3331 457 3399 Horatio
479 3350 506 3397 c.
530 3330 562 3395 II
589 3331 637 3407 15,
660 3331 682 3394 4
704 3349 769 3413 sq:

612 3505 619 3521 .
690 3469 880 3537 platanusque
896 3467 1000 3522 caelebs

504 3557 607 3613 eotooet
624 3557 720 3620 almos,
794 3590 802 3609 .
881 3592 889 3611 .

139 3670 172 3733 et
196 3664 296 3748 ilpist.
319 3662 337 3727 I
360 3663 409 3747 16,
433 3662 470 3727 3:

612 3819 619 3834 .
693 3798 732 3836 co
750 3779 969 3836 naamatites
985 3779 1069 3845 ulmo,

139 3908 246 3991 persto
262 3909 368 3972 tamen
383 3902 533 3970 Ovidium
548 3904 656 3971 eadem
667 3903 701 3969 in
713 3903 852 3988 imagine
864 3902 1041 3970 adhibenda
1051 3900 1170 3968 Catulli
1181 3905 1321 3987 exemplo
1385 3959 1386 3964 ,

140 4011 272 4077 ductum
295 4027 371 4074 esse.
920 4038 923 4045 ·

243 4130 311 4196 Iam
327 4130 472 4212 deinceps
489 4126 622 4194 alteram
638 4129 799 4195 videamus
812 4128 992 4211 imaginem,
1010 4146 1088 4212 quae
1104 4129 1183 4196 mihi
1199 4131 1338 4214 quidem

141 4252 203 4299 non
227 4233 332 4299 minus
355 4233 521 4298 manifesto
555 4234 707 4315 originem
736 4251 825 4298 suam
848 4251 867 4296 a
890 4231 1015 4299 Catullo
1050 4232 1162 4321 ducere
1191 4233 1327 4300 ridetur.

140 4336 217 4402 Met.
240 4336 287 4401 IV
310 4337 371 4402 361
396 4355 462 4421 sqq.
487 4337 572 4403 euim
602 4336 763 4413 Salmacis,
793 4355 871 4419 quae
892 4335 1195 4420 Hermaphroditum
1224 4338 1340 4412 relue2,

141 4442 263 4505 tantem
284 4439 505 4524 amplectitur,
541 4445 664 4523 praeter
697 4440 777 4508 aliae
799 4441 955 4524 imagines
990 4442 1048 4508 hac
1071 4461 1192 4525 quoque
1214 4441 1326 4526 depin-

140 4544 227 4628 gitur
249 4543 472 4610 similitudine:
