3366 5132
604 513 820 576 „19-

109 701 238 783 adparet
261 701 295 764 in
327 700 427 766 altera
449 701 580 766 Homeri
602 701 739 781 imagine
754 702 793 766 il.
817 701 915 780 [³520
936 719 1004 783 sqq.
1029 699 1209 780 erratione,
1233 715 1303 780 qua,

108 809 218 870 taurus
232 804 366 870 mactari
388 806 477 879 solet,
501 805 612 888 petita,
636 809 745 887 utpote
760 824 832 870 cum
850 805 932 870 Naso
948 805 1007 871 hac
1031 823 1067 869 ex
1090 803 1302 868 similitudine

109 909 185 974 duas
205 909 360 992 imagines
383 909 547 976 effinxerit.
564 911 616 974 sed
632 909 695 974 iam
711 909 794 992 ipsos
806 907 937 974 Homeri
949 927 1056 973 versus
1073 907 1300 977 adscribamus:

319 1031 359 1093 ὼς
378 1031 402 1082 δ’
420 1029 462 1083 ὅτ’
482 1031 517 1083 ἂν
535 1031 604 1084 tino
623 1029 698 1096 ἔχων
716 1029 838 1083 πέλεκυν
859 1027 965 1096 αἰζήϊος
985 1027 1067 1098 ἀνήρ,

322 1117 415 1182 κόψας
434 1117 564 1170 ἐξόπιθεν
584 1116 697 1183 κεράων
716 1116 782 1181 βοὸς
800 1114 964 1184 ἀγραύλοιο,

313 1201 362 1255 ἶνα
382 1202 459 1270 τάμῃ
482 1202 527 1255 διὰ
545 1206 650 1264 πᾶσαν,
669 1203 685 1254 ό
705 1201 735 1254 δέ
754 1201 908 1270 προθορὼν
927 1199 1066 1268 ἐρίπῃσιν,
1099 1251 1101 1258 ,

313 1288 352 1351 ὣς
374 1289 420 1357 ἄρ’
438 1290 454 1342 ό
472 1305 505 1354 γε
524 1289 679 1358 προθορὼν
697 1288 785 1342 πέσεν
805 1290 916 1351 ὕπτιος·

107 1411 194 1476 ouius
210 1411 272 1476 loci
289 1411 425 1476 maxime
441 1429 610 1476 memorem
633 1429 698 1475 sese
714 1409 842 1494 praebet
854 1409 987 1475 Ovidius
1008 1409 1085 1476 Met.
1099 1409 1127 1474 V
1141 1411 1206 1475 120
1226 1430 1298 1494 sqq.

106 1514 268 1580 Pettalum
281 1533 300 1579 a
315 1531 406 1579 saevo
419 1513 572 1596 Lycorma
586 1513 786 1579 interiectum
802 1516 896 1595 atque
907 1515 939 1578 in
952 1516 1070 1578 terram
1082 1514 1297 1578 concidentem

107 1617 152 1684 sic
174 1617 359 1683 illustrans:

311 1743 448 1807 raptaque
466 1737 500 1791 de
517 1737 614 1791 dectro
630 1737 745 1790 robusto
763 1736 898 1805 repopulc
913 1737 989 1803 posti

313 1825 417 1880 coeddam
434 1825 524 1878 balinet
542 1823 649 1877 medice
667 1823 792 1878 emtam:
810 1828 840 1876 ot
857 1821 905 1875 oze

308 1912 456 1978 procubuit
474 1915 565 1964 terroe
582 1909 698 1963 mactati
717 1925 790 1962 encore
809 1908 926 1962 iuvenci.

106 2033 179 2099 Met.
194 2034 260 2100 XII
276 2035 339 2100 248
351 2053 397 2118 sq.
427 2035 534 2100 autem
560 2033 718 2113 describit,
745 2033 1011 2114 quemadmodum
1027 2035 1166 2117 Amycus
1181 2033 1298 2117 Ophio-

108 2137 195 2203 nides
231 2157 268 2203 ex
292 2137 425 2204 sacrario
459 2137 677 2203 candelabrum
706 2135 905 2217 lampadibus
938 2138 1075 2202 coruscis
1103 2137 1293 2204 instructum

105 2241 272 2306 sustulerit
283 2240 409 2324 alteque
424 2242 584 2306 sublatum
600 2240 723 2304 miserit
739 2239 772 2303 in
789 2238 924 2303 frontem
937 2237 1114 2306 Celadontis
1125 2241 1297 2324 Lapithae:

518 2361 602 2414 veluti
619 2361 668 2428 qut
685 2357 810 2414 candido
828 2358 908 2412 tauri

312 2463 439 2517 rumpere
456 2447 585 2514 εαανίίίοα
602 2446 714 2502 noolitwr
732 2446 802 2500 colla
819 2447 916 2500 escort.

207 2553 269 2620 His
292 2555 438 2638 expositis
461 2554 526 2619 iam
550 2553 822 2619 commemoranda
837 2553 887 2618 est
909 2553 1093 2634 similitudo,
1117 2574 1195 2637 quae
1211 2556 1294 2638 apud

104 2657 280 2723 Homerum
316 2661 347 2722 et
380 2657 530 2723 Ovidium
564 2658 647 2722 solos
681 2659 847 2742 reperitur.
889 2656 988 2723 Ode
1017 2657 1083 2724 432
1111 2677 1178 2742 sqq.
1210 2659 1294 2723 enim

104 2761 304 2846 describitur,
318 2763 581 2846 quemadmodum
589 2763 716 2828 Ulixem
728 2765 892 2830 vehemens
905 2763 1021 2829 fluctus
1034 2765 1137 2830 terrae
1150 2765 1294 2843 alliserit,

104 2869 209 2932 aestus
232 2870 336 2932 autom
359 2886 465 2932 rursus
488 2869 578 2950 longo
600 2868 634 2932 in
655 2886 742 2932 mare
765 2865 917 2932 reiecerit.
954 2882 1015 2947 qua
1038 2865 1071 2931 in
1100 2886 1132 2932 re
1155 2867 1241 2934 Ulixi
1262 2867 1295 2932 in

104 2989 181 3036 saxa
204 2969 303 3036 eiecto
327 2971 408 3036 cutis
432 2972 573 3036 detracta
601 2971 650 3035 est
678 2989 770 3053 rupe,
799 2971 894 3035 sicuti
925 2971 1031 3054 polypi
1056 2992 1072 3036 e
1096 2973 1294 3055 receptaculo

104 3073 205 3157 erepti
228 3074 379 3140 membris
403 3073 518 3138 calculi
540 3073 728 3140 adhaerent:

315 3195 354 3258 ὡς
372 3193 396 3248 δ’
415 3195 465 3248 ὅτε
483 3193 664 3256 πουλύποδος
682 3193 812 3259 θαλάμης
830 3194 1025 3259 ἐξελκομένοιο

311 3281 383 3350 πρὸς
400 3279 630 3347 κοτυληδονόφιν
649 3281 764 3333 πυκιναὶ
783 3280 898 3345 λάιγγες
916 3280 1038 3347 ἔχονται,

311 3366 350 3430 ὣς
367 3371 419 3420 τοῦ
438 3367 510 3435 πρὸς
528 3366 649 3434 πέτρῃσι
667 3367 832 3432 θρασειάων
852 3366 909 3420 άπὸ
929 3372 1034 3434 χειρῶν

312 3455 386 3521 ῥινοὶ
404 3453 604 3519 ἀπέδρυφθεν·
627 3454 679 3506 τὸν
698 3453 729 3506 δέ
750 3453 822 3518 μέγα
842 3457 916 3519 κῦμα
936 3455 1073 3521 κάλυψεν.

102 3576 236 3641 eandem
249 3575 387 3656 effigiem
398 3575 530 3642 Ovidius
542 3573 709 3658 adaptavit
731 3575 776 3640 rei
792 3576 999 3642 illustrandae
1011 3576 1088 3641 Met.
1101 3575 1147 3640 IV
1160 3575 1222 3642 366
1235 3593 1291 3656 sq,

101 3679 161 3744 ubi
184 3678 335 3746 Salmacis
358 3678 660 3760 Hermaphroditum
683 3679 894 3744 reluctantem
918 3681 951 3745 et
967 3679 1117 3761 diffugere
1133 3680 1291 3744 volentem

101 3781 266 3866 implicat:

311 3907 394 3968 utque
411 3901 460 3954 sub
478 3902 640 3969 aequoribus
658 3901 823 3970 deprensum
838 3905 959 3971 polppns
977 3885 1083 3957 bostem

314 3988 443 4051 continet,
466 4004 499 4040 eac
518 3989 591 4040 omrai
609 3987 729 4041 dimissis
743 3994 824 4056 parte
841 3988 967 4058 ttopettts.

208 4110 268 4176 Sed
283 4112 320 4175 ut
341 4111 404 4175 iam
421 4111 565 4176 accedam
582 4112 620 4175 ad
643 4130 693 4176 eas
715 4112 878 4193 imagines,
903 4129 982 4194 quae
998 4115 1036 4176 ad
1052 4111 1178 4196 singula
1193 4111 1292 4194 perti-

102 4218 181 4280 nent
203 4214 333 4291 insecta,
357 4217 493 4298 primum
517 4215 641 4296 quidem
665 4214 863 4297 apertissima
886 4216 1055 4280 statuenda
1082 4217 1129 4280 est
1152 4214 1290 4280 imitatio

101 4317 269 4385 anemius
305 4318 380 4382 dnm
413 4320 662 4384 commemorata.
701 4319 734 4383 in
768 4319 970 4386 celeberrima
1003 4321 1087 4385 enim
1121 4321 1232 4386 fabula
1254 4320 1291 4385 de

99 4422 220 4488 Martis
253 4424 284 4486 et
313 4421 441 4486 Veneris
473 4422 646 4498 amoribus,
684 4442 777 4506 quam
805 4425 961 4490 Homerus
991 4423 1050 4491 Od.
1079 4431 1097 4490 θ
1127 4424 1190 4489 279
1221 4443 1291 4508 sqq.

102 4525 319 4591 Demodocum
343 4526 524 4589 cantantem
548 4525 631 4608 fecit,
656 4527 733 4593 bauo
755 4527 891 4609 legimus
913 4527 1170 4594 similitudinem:

1156 4635 1188 4683 2*
