3370 5134
631 515 865 580 -139-

356 702 398 769 ἂψ
416 703 441 756 δ’
460 703 540 765 αὖθις
558 703 741 770 συνόρουσαν
760 700 894 766 ἐναντίοι,
914 702 986 768 dicre
1004 704 1105 771 ταύρω

357 789 503 857 φορβάδος
521 788 594 855 ἀμφὶ
614 789 679 854 βοὸς
697 789 853 855 κεκοτηότε
876 788 1062 856 δηριάασθον,

150 893 204 960 nbi
227 891 339 958 Castor
361 893 394 958 et
417 893 533 978 Talaus
558 893 751 959 dimicantes
774 895 874 958 tauris
905 894 942 957 ob
966 912 1092 960 vaccam
1126 896 1340 982 pugnantibus

151 996 364 1063 conferuntur.
1263 995 1265 1002 '

255 1101 366 1166 Altera
388 1101 504 1184 imago,
528 1118 589 1181 qna
612 1097 745 1164 Ovidius
768 1101 807 1164 ad
831 1100 1007 1183 Vergilium
1031 1119 1098 1166 sese
1115 1105 1297 1186 composuit,
1322 1122 1338 1167 e

150 1194 241 1268 tauro
264 1203 434 1268 furibundo
457 1205 557 1284 petita
580 1205 638 1278 est,
663 1205 717 1285 qni
741 1221 836 1268 cornu
859 1203 1011 1268 fulmineo
1035 1203 1167 1268 incurrit
1187 1206 1339 1270 investes

150 1325 330 1391 purpureas,
348 1308 460 1390 quibus
477 1305 633 1391 irritatur,
649 1325 685 1370 ac
701 1311 769 1371 tum
782 1309 879 1371 sentit
895 1307 1050 1390 impetum
1064 1326 1156 1372 suum
1173 1308 1339 1390 deceptum

151 1429 227 1477 esse.
249 1410 283 1474 iu
305 1409 381 1475 Met.
404 1410 486 1474 enim
509 1410 531 1473 l.
555 1408 619 1474 XII
645 1410 706 1474 102
728 1428 794 1492 sqq.
819 1409 857 1474 ab
881 1408 990 1474 Ouidio
1014 1409 1100 1474 furor
1116 1409 1259 1490 Achillis,
1284 1411 1337 1492 qni

150 1514 325 1579 frustratu
349 1511 489 1597 Cycnum
512 1513 578 1578 tela
602 1514 723 1578 eminus
746 1514 872 1595 iecerat,
896 1513 954 1580 hac
976 1514 1155 1610 depingitur
1177 1515 1339 1602 imagine:

358 1632 435 1687 baad
452 1648 528 1687 secas
547 1633 657 1696 exarsit,
675 1649 760 1701 qaam
777 1633 850 1687 circo
868 1638 969 1686 taaras
987 1639 1092 1702 aperto,

358 1735 419 1774 casm
436 1735 488 1773 aaa
504 1719 623 1772 terribili
635 1719 709 1787 petit
726 1719 887 1772 irritamina
906 1735 1001 1786 corma,

354 1805 503 1874 poeniceas
520 1810 614 1872 crestae7
632 1806 761 1874 erasoque
778 1805 897 1860 calocero
913 1806 1006 1859 scatit.

152 1915 191 1978 ad
215 1928 309 1995 quarn
332 1909 502 1992 imaginem
526 1909 782 1975 conscribendam
806 1908 938 1976 Ovidius
962 1909 1114 1976 excitatus
1129 1929 1197 1976 esse
1213 1910 1338 1977 videtur

111 2095 112 2098 Ἴ
152 2036 171 2082 a
193 2014 345 2100 Vergilio,
370 2013 424 2097 qui
446 2014 525 2078 Aen.
550 2012 614 2078 XII
639 2013 704 2078 101-
716 2032 783 2098 sqq.
801 2015 893 2093 iram,
910 2032 972 2096 qua
988 2017 1133 2079 Incensus
1150 2017 1199 2080 est
1215 2014 1338 2082 Turnus

153 2122 226 2185 anto
250 2123 406 2183 certamen
429 2117 586 2200 singulare
610 2135 682 2180 cnm
707 2121 821 2193 Aenea,
847 2118 930 2182 tauri
953 2119 1050 2183 furori
1074 2118 1227 2183 contulit:

358 2237 402 2291 bie
419 2237 513 2306 opitar
530 2235 629 2301 fariis3
648 2241 756 2304 totoque
773 2236 899 2292 ardeatis
918 2238 952 2292 ab
971 2253 1017 2291 ore

358 2324 498 2378 scintiliae
517 2323 657 2385 absiliunt,
677 2323 764 2376 oculas
780 2323 864 2376 micat
881 2323 993 2376 acridae
1010 2323 1095 2393 gare:
1122 2346 1125 2351 ·

359 2410 480 2479 mespilae
497 2409 584 2463 aelati
601 2424 663 2462 cars
676 2409 773 2476 prima
790 2409 822 2461 irc
837 2409 947 2476 proclia
964 2415 1064 2462 tataros

358 2494 493 2561 terrificos
510 2495 563 2549 ciet
580 2501 662 2563 atqua
679 2495 764 2548 irasci
780 2495 812 2548 ia
830 2510 935 2548 cormac
953 2500 1075 2562 temptat,

360 2583 468 2637 arboris
485 2582 606 2637 adamae
623 2587 731 2646 trunco,
749 2586 894 2648 aeratasque
912 2581 1019 2636 lacessit

360 2670 460 2724 ictidas
477 2674 527 2723 arat
544 2683 645 2737 sparsa
662 2668 700 2722 ad
717 2683 841 2737 poprium
854 2667 981 2735 proludit
998 2669 1110 2722 borean.
1193 2731 1195 2736 ¹

155 2793 345 2860 quamquam
368 2793 484 2840 novum
506 2774 602 2840 estin
620 2772 726 2838 Ovidii
749 2773 887 2854 imagine
910 2774 952 2852 id,
970 2774 1050 2856 quod
1066 2777 1192 2839 taurum
1208 2774 1240 2838 in
1257 2775 1339 2840 circo

156 2879 347 2963 pugnantem
370 2878 461 2942 nobis
484 2881 556 2942 ante
580 2876 686 2942 oculos
709 2875 881 2958 proposuit.
907 2895 1000 2960 qnam
1025 2896 1090 2941 rem
1114 2877 1183 2959 ipsi,
1208 2895 1280 2942 cum
1303 2880 1337 2943 in

155 2983 237 3048 circo
260 2985 415 3063 spectator
437 2979 571 3056 adesset,
595 2997 686 3062 saepe
710 2979 775 3044 sine
799 2980 894 3044 dubio
917 2981 1022 3046 videre
1044 2980 1187 3066 contigit.

259 3084 346 3166 Quod
361 3083 389 3148 si
404 3083 538 3166 denique
554 3082 685 3148 Ovidius
701 3082 885 3166 Polyphemi
910 3083 1053 3164 furorem,
1078 3085 1132 3166 qui
1146 3086 1339 3151 cantilenam

156 3207 245 3254 snam
267 3186 374 3253 verbis
397 3186 461 3252 ilus
484 3187 681 3252 tristissimis
703 3181 771 3250 ‘nec
794 3191 829 3250 tu
845 3185 978 3254 Galatea
993 3187 1138 3253 moveris’
1152 3187 1263 3274 finivit,
1280 3189 1339 3254 bac

158 3289 298 3373 depinxit
319 3289 458 3373 imagine
481 3290 572 3373 (Met.
594 3289 676 3356 XIII
699 3289 762 3353 870
785 3291 881 3373 sqq.):

359 3410 428 3464 talio
446 3411 612 3480 nequiquam
630 3415 748 3479 pacatus,
766 3427 834 3464 mam
852 3416 950 3464 coacta
967 3411 1098 3474 ridebam,

361 3497 450 3566 sarpit
469 3501 503 3561 et,
522 3502 554 3552 at
572 3503 673 3550 taureas
689 3513 772 3551 cacco
789 3496 959 3562 faribaadae
976 3497 1111 3564 adernpta,

360 3588 436 3637 stare
453 3584 548 3652 nequit
566 3583 688 3652 adeonae
707 3588 733 3636 et
750 3583 824 3637 motis
841 3583 956 3637 saltibus
975 3588 1058 3648 errat,

155 3705 273 3753 memor
295 3683 426 3754 fortasse
450 3687 512 3754 fuit
534 3705 657 3764 eorum,
690 3707 768 3770 quae
791 3689 829 3753 de
851 3690 941 3753 tauro
966 3689 1063 3767 victo,
1094 3687 1145 3753 cui
1167 3705 1261 3754 vacca
1283 3688 1339 3752 ad-

155 3794 260 3874 empta
275 3796 332 3870 est,
356 3792 452 3856 refert
467 3791 624 3875 Vergilius
646 3789 757 3874 Georg.
785 3791 835 3856 III
857 3792 922 3856 224
945 3812 1022 3876 sqq„
1046 3810 1237 3875 quamquam
1259 3793 1340 3857 iuter

154 3894 240 3960 hnnc
263 3899 295 3971 et
318 3895 411 3959 illum
435 3894 539 3960 locum
561 3895 668 3976 aperta
690 3911 751 3959 non
774 3895 937 3960 intercedit
959 3894 1146 3960 similitudo.

258 4013 326 4081 Iam
342 4032 394 4080 eas
411 4016 639 4097 perscrutemur
651 4014 803 4098 lmagInes
817 4015 995 4095 Ovidianas‚
1011 4015 1125 4100 quibus
1139 4017 1211 4098 equi
1222 4016 1339 4082 feroces

154 4117 316 4184 dominum
350 4118 382 4183 in
418 4119 551 4201 abrupta
585 4118 765 4183 auferentes
801 4121 1001 4185 inducuntur.
1046 4138 1124 4203 quas
1156 4119 1340 4202 priusquam

155 4221 344 4305 singillatim
359 4221 561 4305 proferamus,
579 4220 613 4285 in
626 4221 808 4287 universum
824 4223 918 4288 liceat
940 4224 1084 4306 praefari,
1109 4222 1190 4288 banc
1202 4222 1339 4306 descrip-

155 4325 273 4390 tionem
307 4327 442 4391 maxime
476 4325 668 4391 adamavisse
703 4322 851 4390 Ovidium
891 4345 1021 4408 eamque
1053 4345 1115 4392 non
1149 4327 1250 4391 solum
1283 4344 1340 4407 per

156 4425 405 4508 similitudinem,
439 4428 493 4492 sed
526 4428 622 4494 etiam
645 4429 825 4511 saspIssime
857 4449 912 4512 per
946 4431 1143 4496 collationem
1171 4429 1340 4495 induxisse.

156 4532 244 4597 anius
265 4533 386 4617 generis
419 4530 524 4614 imago
560 4551 626 4597 sese
659 4531 750 4597 offert
784 4534 856 4597 Am.
880 4534 910 4598 II
933 4533 962 4611 9,
996 4532 1039 4598 29
1061 4551 1138 4617 sqq„
1170 4532 1226 4598 nbi
1249 4535 1341 4615 poeta
