3366 5132
637 530 849 594 ..67-

142 736 252 796 suam,
276 734 336 781 nou
360 716 398 782 ot
415 715 652 799 emigrationem
669 717 765 799 queri,
791 719 821 782 et
838 716 895 782 hoc
911 717 1115 785 fundamento
1130 720 1230 802 posito
1246 737 1337 786 suam

144 818 394 901 superstruxisse
417 820 737 902 argumentationem:
762 811 864 903 ‘ergo,
894 819 968 904 quia
990 822 1113 887 constat
1136 822 1274 888 animam
1298 821 1337 887 cb
1366 879 1367 882 ,

145 923 390 988 dissolutionem
423 941 513 988 suam
546 923 652 1006 queri,
688 943 724 989 ea
760 924 902 990 mortalis
925 924 1006 989 cst'?
1039 943 1141 990 nonne
1163 925 1337 992 clarissime

146 1028 232 1091 dicit
253 1019 426 1092 ‘videtur
448 1029 552 1093 anima
578 1026 618 1093 ob
648 1027 888 1094 dissolutionem
918 1045 1007 1093 suam
1036 1025 1145 1110 qucri',
1174 1030 1206 1095 et
1235 1048 1339 1096 nonne

150 1133 234 1197 illud
248 1127 390 1200 ‘videtur’
416 1132 561 1214 sequenti
582 1135 709 1198 demum
733 1131 1005 1217 argumentatione
1028 1134 1067 1198 ad
1090 1133 1246 1216 liquidum
1268 1133 1338 1216 pla·

150 1256 291 1319 numque
313 1238 358 1303 sic
379 1238 560 1304 deducitur:
576 1236 668 1308 fuam
691 1237 719 1301 si
742 1236 847 1301 anima
861 1235 1048 1306 immortalis
1072 1240 1165 1313 esset,
1188 1255 1249 1303 non
1271 1238 1337 1302 tam

150 1341 287 1406 moriens
311 1345 491 1424 quereretur
525 1360 558 1407 sc
580 1339 720 1423 dissolvi,
749 1341 803 1406 sed
826 1341 926 1423 magis
949 1344 1097 1424 gauderet
1131 1359 1165 1405 se
1186 1341 1269 1406 foras
1291 1340 1337 1405 ire

151 1447 334 1527 vestemque
357 1437 569 1527 relinquere'?
598 1463 670 1527 ergo
692 1462 738 1521 ea,
768 1462 846 1526 quae
876 1446 1072 1521 antecedunt,
1102 1446 1229 1509 tantum
1251 1445 1340 1511 abest

151 1551 190 1610 ut
213 1548 247 1612 in
269 1549 492 1632 argumentum
514 1548 600 1613 trahi
619 1551 751 1631 queant,
785 1565 845 1630 quo
869 1548 1089 1630 comprobetur
1112 1546 1339 1631 oppositionem

152 1652 253 1715 totius
276 1653 559 1734 argumentationis
593 1653 731 1735 positam
765 1671 832 1717 esse
854 1651 887 1716 in
922 1652 1025 1718 verbis
1047 1645 1195 1718 ‘dissolvi’
1229 1655 1260 1716 et
1282 1646 1339 1717 ‘ire

153 1754 237 1820 foras
268 1758 447 1838 vestemque
481 1748 666 1839 rcliuquerc’
688 1794 728 1804 —
752 1755 899 1839 quoniam
923 1753 1086 1820 Lucretius
1120 1755 1244 1820 omnino
1279 1775 1340 1822 nou

151 1876 211 1940 pro
226 1860 310 1924 certo
326 1860 437 1927 habuit
453 1879 551 1943 neque
568 1859 682 1926 habere
699 1860 808 1926 debuit
827 1860 967 1926 animam
982 1859 1167 1925 morientem
1183 1862 1222 1925 ob
1240 1861 1339 1925 disso-

154 1962 309 2028 lutionem
333 1981 424 2028 suam
448 1967 535 2045 queri
556 1999 609 2044 -—,
633 1967 670 2028 ut
692 1983 727 2028 ex
749 1965 793 2028 eis
817 1964 989 2029 clarissime
1012 1963 1195 2046 dispiciatur
1217 1968 1341 2047 poetam

154 2065 190 2129 in
212 2068 331 2131 incerto
353 2067 510 2145 habuisse,
533 2086 609 2133 num
632 2086 666 2131 re
683 2087 756 2133 vera
772 2069 878 2133 anima
892 2068 1028 2132 moriens
1045 2067 1084 2133 ob
1099 2067 1339 2135 dissolutionem

152 2188 245 2234 suam
268 2171 426 2254 queratur,
451 2175 483 2236 ct
505 2171 587 2236 hanc
609 2175 823 2254 quaestionem
846 2172 989 2254 sequenti
1018 2171 1143 2236 demum
1173 2191 1340 2257 argomen-

153 2274 274 2339 tatione
298 2275 337 2338 ad
360 2274 518 2356 liquidum
530 2275 721 2358 planumque
745 2274 893 2340 deducere
915 2277 1057 2341 voluisse.
1082 2277 1157 2359 quid
1180 2279 1262 2358 quod
1284 2277 1341 2343 illa

43 2444 48 2454 ,
152 2378 388 2460 argumentatio
414 2396 447 2442 eo
471 2377 548 2459 ipso,
573 2380 651 2461 quod
674 2379 839 2444 Lucretius
855 2381 887 2442 in
903 2379 961 2444 hac
978 2378 1050 2444 libri
1066 2386 1154 2462 parte
1172 2381 1339 2446 mortalem

151 2482 277 2545 animae
301 2485 445 2546 naturam
469 2482 700 2564 duodetriginta
734 2481 927 2565 argumentis
958 2482 1174 2549 demonstrare
1197 2488 1338 2565 conatur,

155 2591 207 2650 sat
230 2604 384 2668 superque
406 2585 544 2651 reicitur.
570 2604 642 2651 nam
666 2586 694 2650 si
717 2587 873 2651 constaret
896 2585 1035 2652 animam
1049 2587 1087 2651 ob
1104 2588 1341 2652 dissolutionem

153 2707 247 2753 suam
272 2690 370 2771 queri,
394 2708 496 2756 nonne
519 2710 574 2773 per
598 2709 667 2756 sese
689 2691 926 2773 intellegeretur
955 2710 1025 2756 eam
1054 2689 1220 2756 mortalem
1247 2694 1339 2756 esse?

154 2795 225 2856 tum
248 2792 388 2874 proiecto
412 2796 479 2859 tota
501 2795 652 2876 quaestio,
677 2813 753 2859 num
778 2792 920 2858 mortalis
937 2795 980 2858 sit
994 2794 1108 2876 anima,
1131 2795 1344 2876 liquidissima

155 2898 238 2962 foret
263 2900 294 2961 et
316 2899 432 2962 mirum
454 2900 488 2964 in
511 2898 639 2963 modum
661 2898 829 2963 Lucretius
858 2899 891 2962 in
916 2899 973 2963 hoc
995 2898 1077 2963 libro
1107 2900 1225 2981 aliquid
1249 2919 1343 2983 argu·

154 3005 336 3066 mentorum
359 3002 484 3067 cumulo
507 3002 763 3084 comprobaturus
786 3006 878 3085 esset,
902 3002 984 3084 quod
1000 3005 1124 3068 omniuo
1141 3007 1342 3081 argumenta·

154 3105 242 3170 tione
265 3109 390 3184 careret,
414 3105 535 3171 scilieet
557 3105 705 3185 animam,
729 3126 822 3190 quam
848 3107 1037 3172 morientem
1053 3106 1092 3171 ob
1110 3107 1344 3173 dissolutionem

152 3229 245 3276 suam
270 3210 359 3291 queri
381 3211 513 3287 constat,
537 3215 608 3291 post
630 3213 763 3276 mortem
787 3209 927 3292 dissolri,
952 3211 1009 3275 hoc
1024 3213 1071 3277 est
1085 3211 1252 3276 mortalem
1267 3230 1342 3277 esse.

263 3310 322 3378 Sed
345 3331 392 3377 res
416 3313 507 3395 longe
531 3313 623 3378 aliter
658 3333 691 3378 se
725 3314 831 3380 habet.
866 3313 997 3380 dubium
1021 3314 1105 3379 enim
1137 3335 1202 3380 esse
1225 3315 1342 3397 nequit,

156 3419 234 3498 quin
258 3416 420 3481 Lucretius
445 3436 463 3483 a
486 3417 606 3482 duabus
629 3417 841 3500 proficiscatur
857 3418 1022 3483 sententiis
1040 3419 1077 3484 de
1093 3419 1204 3482 mortis
1220 3421 1343 3496 natura,

158 3522 282 3602 praeter
305 3539 380 3602 quas
404 3523 498 3586 tertia
521 3522 652 3604 cogitari
675 3540 737 3586 uon
761 3524 874 3604 potest,
898 3523 1020 3588 scilicet
1042 3540 1087 3598 ea,
1111 3542 1148 3586 cx
1163 3539 1223 3603 qua
1239 3521 1345 3585 anima

160 3623 296 3688 moriens
311 3624 500 3702 dissolvitur,
518 3642 579 3707 qua
591 3643 662 3690 oum
680 3625 884 3691 dissolutione
901 3627 1024 3708 querela
1039 3627 1162 3690 animae
1178 3624 1345 3689 coniuncta

159 3733 218 3805 est,
243 3731 274 3791 et
298 3745 343 3811 ea,
366 3747 402 3794 ex
425 3747 485 3810 qua
508 3728 613 3794 anima
635 3729 772 3794 moriens
803 3747 914 3811 corpus
944 3729 1161 3794 tautummodo
1184 3728 1344 3810 relinquit,

159 3850 221 3912 qua
237 3849 309 3895 cum
325 3832 530 3916 emigratione
546 3832 697 3917 gaudium
721 3834 843 3898 animae
866 3833 1069 3898 coniunctum
1092 3836 1149 3896 cst.
1173 3834 1267 3914 atque
1289 3831 1347 3897 hoc

163 3935 368 4001 fundamento
390 3935 445 4000 ille
469 3955 559 4000 suam
581 3936 887 4016 argumentationem
910 3937 1099 4019 superstruit
1127 3935 1185 3999 hac
1207 3937 1345 4003 ratione:

160 4039 280 4105 ‘anima
302 4039 438 4104 moriens
472 4058 532 4104 non
556 4040 688 4124 gaudet;
723 4058 795 4123 crgo
819 4058 880 4105 non
904 4040 985 4106 foras
1020 4041 1046 4103 it
1071 4043 1251 4121 restemque
1286 4058 1346 4104 non

162 4142 329 4225 relinquit;
352 4143 407 4207 sed
431 4143 582 4226 queritur,
608 4161 681 4225 crgo
705 4163 741 4208 ea
764 4143 953 4226 dissolvitur,
977 4143 1036 4208 hoc
1057 4145 1106 4207 est
1121 4143 1262 4208 mortalis
1278 4143 1345 4208 est’.

163 4250 249 4328 patet
284 4247 382 4331 igitur
415 4248 506 4314 illam
541 4249 675 4331 priorem
710 4249 1028 4330 argumentationem,
1067 4265 1144 4328 quae
1179 4266 1268 4311 versu
1291 4246 1346 4310 illo

165 4456 279 4536 guitur,
304 4474 358 4537 per
380 4475 412 4520 so
435 4474 581 4520 mancam
595 4474 662 4519 esse
679 4459 710 4519 et
726 4455 943 4535 imperfectam
959 4455 1052 4536 idque
1069 4453 1187 4518 duabus
1205 4473 1221 4517 e
1237 4453 1349 4526 causis,

165 4558 310 4638 primum,
334 4559 415 4642 quod
440 4577 546 4637 causa,
571 4579 626 4624 cur·
649 4559 755 4623 anima
778 4559 936 4641 queratur,
968 4576 1164 4640 nequaquam
1196 4559 1269 4621 nota
1292 4559 1349 4632 est,

1215 4659 1246 4711 bt
