3366 5132
831 520 1045 583 ..48-

450 707 532 788 Quid
562 707 643 790 quod
668 705 796 773 Ovidius
830 708 1029 791 Pythagorae
1063 725 1244 790 personam,
1268 707 1356 771 cuius
1390 708 1527 772 nominis

346 809 472 875 omnino
495 828 558 875 non
581 811 775 876 mentionem
798 811 885 889 facit,
902 810 992 876 uobis
1008 829 1043 875 eo
1059 811 1278 876 tantummodo
1294 810 1423 876 consilio
1435 810 1530 875 indu·

346 913 425 979 risse
439 914 572 995 videtur,
585 915 622 978 ut
634 915 791 979 variorum
805 915 1059 998 philosophorum
1072 916 1242 980 sententias
1255 918 1349 998 atque
1363 913 1528 991 doctrinas,

347 1034 433 1102 quas,
456 1036 528 1082 cum
551 1019 733 1101 argumento
756 1017 847 1083 huius
870 1018 943 1083 libri
966 1019 1234 1083 commodissimas
1257 1036 1324 1082 esse
1339 1017 1529 1098 viderentur,

345 1121 522 1203 prolaturus
546 1124 623 1200 erat,
646 1121 740 1188 alicui
757 1121 942 1204 philosopho
958 1123 1119 1187 tribueret.
1142 1141 1215 1187 nam
1232 1123 1259 1186 si
1275 1119 1395 1186 Nasoni
1409 1121 1530 1204 Pytha-

344 1223 467 1308 goricos
483 1225 702 1290 tautummodo
717 1225 873 1290 doctrinas
888 1225 1029 1308 proferre
1045 1227 1077 1291 in
1094 1226 1198 1291 animo
1211 1225 1332 1303 fuisset,
1348 1243 1402 1288 cur
1414 1243 1530 1306 quaeso

346 1345 405 1392 non
421 1329 642 1411 gravissimam
659 1328 747 1394 illam
764 1328 950 1412 doctrinam,
966 1348 1027 1411 qua
1042 1333 1205 1412 tamquam
1217 1329 1310 1394 verbo
1323 1330 1389 1394 tota
1400 1328 1529 1392 illorum

345 1431 426 1496 ratio
441 1430 649 1514 significatur,
666 1432 934 1506 commemoravit,
949 1433 1123 1496 doctrinam
1138 1432 1227 1497 illam
1244 1432 1310 1496 dico
1327 1431 1366 1496 ad
1381 1449 1529 1498 numeros

344 1536 563 1617 pertinentem,
587 1554 650 1617 qua
671 1554 777 1600 rerum
800 1537 941 1601 omnium
965 1535 1116 1618 principia
1145 1536 1382 1619 explicaverunt
1409 1535 1529 1619 Pytha·

345 1639 430 1721 gorei
465 1657 564 1721 neque
586 1642 623 1704 ut
655 1640 873 1704 antecedentes
907 1638 1101 1722 philosophi,
1135 1639 1190 1721 qui
1224 1658 1319 1705 unam
1351 1641 1530 1704 statuerunt

345 1759 471 1806 causam
495 1740 701 1822 materialem,
724 1741 762 1806 de
784 1741 929 1807 sensibili
952 1742 1043 1806 modo
1069 1761 1175 1806 rerum
1191 1743 1302 1806 natura
1317 1741 1528 1824 philosophati

345 1847 432 1930 suut,
475 1846 529 1910 sed
562 1863 612 1909 res
655 1843 798 1911 sensibus
837 1849 997 1928 exemptas
1036 1846 1165 1928 perinde
1204 1846 1435 1930 cognoscendas
1469 1844 1528 1910 sihi

344 1945 594 2030 proposuerunt?
1454 1935 1468 1954 '

449 2051 502 2130 At,
526 2051 648 2134 inquiet
670 2051 801 2116 fortasse
817 2052 945 2135 aliquis:
969 2053 1044 2118 haec
1060 2051 1202 2118 doctrina
1218 2053 1255 2117 de
1271 2051 1409 2118 numeris
1424 2052 1527 2117 neuti-

344 2173 438 2237 quam
461 2155 521 2236 ipsi
545 2158 731 2237 argumento
755 2157 909 2232 convenit,
934 2156 1014 2238 quod
1038 2153 1170 2222 Ouidius
1193 2155 1226 2220 iu
1249 2155 1306 2220 hoo
1335 2154 1415 2221 libro
1444 2160 1528 2221 trac-

344 2260 439 2335 tavit;
470 2276 563 2341 quare
598 2258 689 2322 illam
723 2258 932 2323 omittendam
955 2277 1023 2323 esse
1047 2260 1176 2324 censuit.
1210 2260 1264 2323 sed
1286 2258 1439 2324 habemus
1462 2259 1526 2323 alia

344 2380 463 2445 quoquo
486 2361 685 2444 argumenta,
721 2360 893 2444 exquibus
924 2362 1091 2445 colligetur
1113 2361 1262 2426 Ovidium
1296 2361 1444 2426 hocloco
1468 2379 1528 2425 uon

344 2466 376 2530 id
410 2465 524 2549 egisse,
556 2468 591 2530 ut
625 2464 708 2529 solas
737 2465 1003 2549 Pythagoreorum
1036 2465 1192 2530 doctrinas
1221 2464 1388 2548 proferret3
1431 2483 1530 2547 neque

344 2568 429 2634 aliud
463 2589 535 2632 eum
567 2571 639 2634 aute
673 2569 777 2635 oculos
812 2569 956 2634 habuisse
990 2570 1154 2646 adsevero,
1187 2587 1280 2653 quam
1304 2571 1340 2632 ut
1362 2571 1526 2652 tamquam

343 2672 535 2756 florilegium
565 2692 672 2738 earum
707 2672 937 2737 sententiarum
960 2673 1054 2755 atque
1076 2672 1287 2737 doctrinarum
1310 2671 1350 2736 ad
1371 2670 1529 2736 variorum

344 2776 598 2858 philosophorum
615 2776 797 2857 disprlinas
812 2775 1040 2859 perhibentium
1056 2774 1226 2841 lectoribus
1242 2776 1433 2857 proponeret,
1449 2793 1528 2858 quae

342 2881 403 2961 ipsi
424 2880 576 2944 materiae
607 2879 786 2943 commodae
817 2897 884 2942 esse
914 2877 1110 2944 videbantur.
1146 2877 1219 2942 uam
1243 2879 1270 2942 si
1294 2877 1470 2942 accuratius
1493 2877 1525 2940 iu

344 2982 422 3046 hauc
437 3001 505 3045 rem
521 2982 718 3064 inquirimus,
742 2982 838 3046 etiam
858 2985 972 3066 dogma
994 2981 1086 3060 illud,
1111 3001 1146 3046 ex
1162 3001 1221 3064 quo
1237 2981 1431 3066 Pythagoras
1447 2987 1528 3046 teste

342 3084 453 3150 Ouidio
487 3085 626 3150 docuisse
650 3084 767 3149 dicitur
790 3086 875 3150 nefas
909 3104 976 3150 esse
999 3086 1188 3152 animalibus
1211 3085 1304 3164 vesci,
1340 3084 1524 3166 neutiquam

345 3189 384 3252 ad
407 3187 497 3252 illum
520 3187 736 3271 philosophum
766 3189 870 3271 ipsum
893 3188 992 3266 redit,
1024 3193 1059 3253 ut
1093 3193 1287 3271 compertum
1321 3190 1468 3253 habemus
1493 3207 1527 3252 ex

344 3291 525 3356 Aristotelis
548 3291 721 3374 fragmento
745 3295 889 3374 quodam,
914 3294 1104 3382 quodflextat
1126 3295 1206 3376 apud
1231 3291 1370 3358 Gellium
1397 3291 1443 3355 IV
1467 3291 1524 3354 11;

342 3396 567 3475 Ἀριστοτέλης
590 3398 626 3460 δὲ
649 3396 771 3474 μήτρας
794 3397 845 3460 καὶ
868 3397 1002 3475 καρδίας
1026 3399 1076 3461 καὶ
1099 3398 1267 3476 ἀκαλήφης
1290 3399 1341 3461 καὶ
1369 3397 1529 3461 τοιούτων

343 3500 520 3580 ἀπέχεσθαί
549 3516 631 3580 φησι
664 3502 742 3565 τοὺς
764 3500 1020 3582 Πυθαγορικούς,
1055 3505 1194 3580 χρῆσθαι
1227 3505 1263 3566 δὲ
1297 3505 1366 3566 τοῖς
1402 3499 1525 3565 ἄλλοις.

343 3624 488 3686 quocum
501 3603 683 3669 testimonio
699 3622 825 3685 prorsus
844 3604 1043 3669 consentiunt
1060 3602 1213 3686 Diogenes
1231 3601 1371 3668 Laertius
1387 3602 1468 3668 VIII
1486 3603 1526 3668 18

343 3712 376 3772 et
397 3707 589 3791 Porphyrius
619 3708 677 3772 vit.
707 3706 840 3790 Pythag.
866 3725 892 3772 c.
921 3707 973 3783 45,
1003 3707 1056 3788 qui
1088 3725 1193 3770 omnes
1223 3707 1434 3791 Pythagoram
1464 3724 1525 3770 non

344 3811 486 3876 omnibus
509 3810 708 3887 animalibus,
733 3810 788 3874 sed
810 3809 997 3891 quibusdam
1014 3811 1138 3875 tantum
1156 3811 1344 3876 ahstInuisse
1360 3811 1525 3875 testantur.

342 3933 475 3996 quorum
505 3915 684 3979 testimonia
713 3918 806 3995 atque
836 3914 869 3976 in
893 3913 1002 3994 primis
1025 3913 1067 3991 id,
1098 3913 1181 3996 quod
1204 3914 1392 3978 Aristoteles
1415 3911 1524 3995 tradit,

341 4019 410 4099 quis
435 4036 549 4100 quaeso
578 4018 762 4100 postponere
790 4017 918 4081 audebit
948 4018 1013 4098 eis,
1043 4035 1121 4098 quae
1143 4019 1182 4083 ab
1205 4016 1315 4083 Ouidio
1339 4016 1522 4094 afferuntur,

343 4119 396 4204 qui
419 4121 485 4186 sine
507 4121 600 4186 dubio
625 4119 832 4202 Orphicorum
856 4119 1051 4202 quorundam
1081 4120 1113 4183 et
1136 4121 1341 4203 posteriorum
1364 4120 1524 4203 Pythago·

342 4243 464 4290 reorum
499 4225 656 4288 doctrinas
690 4223 858 4307 respiciens
892 4224 1004 4289 falsam
1039 4225 1127 4289 illam
1162 4223 1357 4306 opinionem,
1394 4243 1429 4288 ex
1464 4241 1525 4305 qua

342 4328 535 4412 Pythagoras
569 4328 634 4409 ipse
667 4328 808 4393 homines
842 4328 968 4393 omniuo
1002 4346 1092 4392 carne
1124 4327 1207 4392 vesci
1229 4328 1364 4393 votuisse
1398 4327 1522 4404 dicitur,

341 4432 499 4514 amplexus
522 4433 590 4497 est?
613 4431 688 4514 quin
712 4432 807 4496 etiarn
832 4431 911 4496 alias
934 4432 1067 4497 aliorum
1094 4431 1349 4513 philosophorum
1364 4432 1521 4496 doctrinas

343 4535 473 4602 Ovidius
495 4535 707 4620 Pythagoram
731 4537 942 4617 proferentem
965 4536 1041 4601 facit
1064 4537 1119 4615 ila,
1151 4538 1187 4601 ut
1209 4535 1300 4601 facile
1330 4535 1462 4600 inclines
1484 4533 1521 4598 ad
