3366 5132
864 531 1079 598 ...50-

378 718 446 802 ipse
468 719 665 786 Heraclitum
688 725 810 786 secutus
834 722 1046 804 Pythagoram
1068 723 1173 787 omnia
1202 723 1398 788 extenuando
1426 724 1460 786 ot
1488 723 1561 787 den·

379 825 477 889 sendo
499 823 566 889 fieri
589 829 750 890 docentem
774 825 856 890 feeit.

483 927 600 992 Verum
623 929 699 993 haec
722 927 892 994 sufficiant.
911 929 975 993 iam
1000 927 1083 992 enim
1108 946 1223 1010 vereor,
1256 947 1294 993 ne
1323 929 1407 993 iusto
1437 928 1563 1013 longius

379 1029 412 1093 in
434 1050 468 1094 re
491 1031 690 1112 apertissima
713 1036 854 1096 versatus
878 1034 954 1114 sim,
984 1033 1130 1113 quoniam
1161 1050 1250 1096 nemo
1280 1035 1355 1113 puto
1385 1029 1564 1116 opinabitur

379 1131 528 1198 Ovidium
552 1135 584 1198 id
599 1134 817 1198 tantummodo
837 1134 946 1218 egisse,
971 1138 1007 1197 ut
1023 1133 1104 1198 solas
1120 1135 1389 1217 Pythagoreorum
1405 1135 1563 1200 doctrinas

378 1239 545 1316 proferret;
568 1239 664 1301 immo
688 1241 781 1320 poeta
803 1237 902 1301 sciens
925 1256 961 1302 ac
984 1238 1093 1301 volens
1117 1239 1276 1302 variorum
1305 1237 1564 1321 philosophorum

377 1343 552 1408 sententias
583 1362 619 1408 ac
648 1344 821 1420 doctrinas,
853 1361 930 1424 quae
960 1345 1019 1427 ipsi
1052 1346 1238 1427 argumento
1269 1344 1361 1409 huius
1392 1343 1464 1409 libri
1487 1343 1564 1407 Met.

378 1451 556 1513 commodae
579 1466 643 1512 esse
666 1448 863 1526 videbantur,
888 1446 993 1532 elegit,
1022 1449 1059 1512 ut
1082 1465 1132 1512 eas
1162 1447 1375 1532 Pythagoram
1402 1445 1564 1529 proferen-

377 1553 443 1616 tem
466 1551 593 1615 faceret.
1014 1599 1015 1602 1

482 1655 566 1735 Quae
583 1672 654 1737 cum
669 1653 715 1718 ita
730 1653 804 1732 sint,
820 1653 897 1718 haec
913 1653 1098 1736 disputatio,
1116 1657 1176 1720 etsi
1192 1655 1322 1720 fortasse
1335 1657 1415 1719 iusto
1431 1655 1564 1738 longior,

377 1762 483 1824 tamen
507 1776 568 1824 non
591 1762 677 1822 caret
699 1758 815 1821 fructu.
840 1775 915 1822 nam
937 1757 963 1821 si
987 1757 1106 1836 omnia,
1130 1777 1207 1840 quae
1231 1760 1332 1824 adhuc
1362 1758 1563 1841 protulimus,

378 1864 455 1928 satis
480 1865 567 1926 certa
591 1863 622 1925 et
644 1879 717 1925 vera
743 1865 832 1944 sunt,
867 1863 903 1924 ut
936 1861 1015 1924 mihi
1050 1861 1177 1942 quidem
1207 1862 1354 1928 videntur
1376 1881 1457 1938 esse,
1494 1862 1564 1942 quis

377 1985 439 2030 non
455 1965 550 2040 videt,
575 1968 691 2045 quanto
714 1965 746 2027 in
770 1963 883 2028 honore
907 1965 939 2027 et
961 1965 1168 2030 admiratione
1191 1966 1355 2030 Lucretius
1384 1967 1467 2047 apud
1491 1963 1565 2028 Ovi·

377 2069 465 2132 dium
487 2067 600 2145 fuerit,
636 2068 745 2150 utpote
771 2065 820 2130 cui
843 2066 928 2132 illius
963 2067 1119 2132 doctrinae
1142 2068 1255 2150 dignae
1279 2087 1346 2132 esse
1368 2068 1563 2149 viderentur,

377 2189 453 2254 quas
478 2171 574 2234 simul
608 2190 678 2234 cum
702 2170 857 2235 Heracliti
892 2174 924 2234 et
947 2170 1146 2253 Empedoclis
1180 2172 1344 2236 sententiis
1367 2171 1565 2256 Pythagorae

377 2274 553 2339 tribueret?
587 2275 668 2338 etsi
692 2273 822 2339 Ovidius
857 2273 1071 2356 Pythagorae,
1108 2275 1195 2339 cuius
1218 2293 1382 2357 personum
1416 2275 1565 2340 sollemni

377 2378 513 2460 quadam
537 2377 666 2456 ratione,
702 2395 795 2458 quem
819 2381 857 2442 ad
881 2379 1008 2441 modum
1032 2378 1195 2442 Lucretius
1231 2396 1299 2442 eam
1329 2380 1464 2460 llpicuri,
1496 2379 1565 2462 ipso

376 2483 503 2547 nomine
526 2481 636 2564 celato,
660 2480 791 2556 induxit,
820 2481 1031 2544 Lucretianas
1052 2482 1201 2562 quasdam
1233 2483 1390 2547 doctrinas
1413 2482 1565 2546 attribuit

376 2593 507 2666 eumque
531 2584 611 2648 siout
634 2584 831 2647 Heracliteas
855 2584 887 2648 et
903 2583 1127 2665 Empedocleas
1150 2584 1320 2649 sententias
1343 2583 1564 2666 proferentem,

375 2691 422 2754 ita
445 2690 541 2754 etiam
577 2690 613 2753 de
637 2687 799 2752 nonnullis
823 2705 942 2764 eorum,
979 2705 1058 2768 quae
1080 2689 1244 2752 Lucretius
1268 2687 1427 2766 tractavit,
1453 2690 1564 2772 dispu-

375 2795 497 2857 tantem
518 2791 611 2864 feeit.
645 2792 714 2873 quis
739 2811 798 2856 non
823 2792 970 2856 concedet
994 2789 1052 2854 hoc
1080 2791 1207 2872 quidem
1241 2793 1463 2875 gravissimum
1498 2811 1565 2858 esse

376 2897 652 2972 documentumex
664 2893 889 2975 quoNasonem
896 2894 988 2958 huius
1000 2913 1125 2958 carmen
1138 2896 1188 2960 vel
1200 2895 1334 2960 maxime
1347 2897 1565 2961 aestimavisse

376 2997 568 3080 colligatur?
591 3002 674 3062 certe
699 2997 781 3078 illae,
807 3017 882 3078 quas
905 3016 999 3078 supra
1014 2998 1220 3064 tractavimus
1242 3002 1365 3081 apertae
1393 2999 1564 3065 allusiones

376 3103 414 3166 ad
430 3101 569 3166 Lucretii
585 3101 739 3165 doctrinas
756 3102 905 3182 quasdam
921 3119 981 3164 non
1006 3102 1109 3164 minus
1126 3103 1231 3167 valent
1247 3103 1285 3166 ad
1301 3103 1564 3185 cognoscendum,

377 3207 459 3286 quod
483 3204 636 3269 iudicium
660 3205 699 3268 de
723 3205 817 3268 huius
840 3205 1029 3270 carminibus
1052 3205 1161 3269 tulerit
1177 3205 1317 3290 Ovidius,
1341 3225 1435 3288 quam
1459 3207 1523 3271 loci
1547 3227 1565 3272 a

375 3307 537 3392 Zingerleo
561 3309 808 3386 commemorati,
833 3310 946 3389 quibus
969 3310 1105 3375 Lucretii
1133 3311 1266 3375 nominis
1297 3310 1415 3374 mentio
1445 3310 1484 3374 fit
1514 3310 1566 3376 vel

375 3411 434 3476 illa
457 3413 712 3476 astronomorum
738 3412 928 3492 praedicatio
952 3431 970 3476 a
992 3433 1043 3476 me
1061 3431 1157 3494 supra
1179 3413 1326 3478 tractata.

479 3514 595 3578 Verum
618 3514 740 3580 accedit
764 3514 899 3579 alterum
922 3533 1042 3598 quoque
1066 3520 1276 3593 momentum,
1308 3533 1367 3596 quo
1396 3515 1494 3595 mihi,
1529 3519 1565 3582 ut

373 3617 537 3698 aliquanto
558 3617 742 3700 explicatius
766 3617 815 3682 his
838 3619 875 3682 de
898 3619 1048 3684 doctrinis
1076 3619 1287 3702 disputarem,
1312 3622 1461 3701 persuasi.
1504 3621 1566 3686 hac

375 3721 515 3785 enimin
539 3721 768 3786 dissertationis
793 3723 881 3803 parte
904 3723 1159 3804 comprobaturus
1182 3741 1253 3786 sum
1277 3721 1425 3788 Ovidium
1449 3743 1486 3788 er
1519 3726 1565 3790 eis

375 3811 509 3904 quidem
531 3823 675 3905 partibus
705 3824 844 3888 Lucretii
873 3825 1020 3888 carminis
1054 3825 1204 3906 plurimas
1238 3825 1380 3890 hausisse
1410 3825 1564 3891 similitu-

377 3924 466 3989 dines
502 3925 733 4009 imaginesque,
773 3928 805 3991 in
838 3927 952 4008 quibus
986 3927 1075 4007 illae,
1119 3929 1156 3992 de
1191 3927 1303 4009 quibus
1337 3929 1566 4013 consuluimus,

375 4029 537 4094 doctrinae
552 4033 740 4095 tractantur.
771 4029 855 4095 sicut
870 4031 969 4114 igitur
984 4031 1209 4096 similitudines
1226 4031 1379 4113 quasdam
1391 4031 1565 4099 Ovidianas

375 4134 481 4198 elocis
497 4134 692 4200 Lucretianis
708 4133 834 4199 fluxisse
857 4151 891 4198 eo
915 4135 1037 4199 facilius
1061 4133 1272 4216 intellegetur,
1298 4137 1326 4199 si
1346 4136 1420 4200 illas
1444 4138 1484 4200 ad
1509 4155 1565 4202 eas

371 4241 475 4318 partes
499 4237 601 4303 redire
625 4237 798 4319 ostendero,
822 4238 991 4319 inquibus
1014 4238 1269 4304 doctrinaeillae
1293 4257 1386 4321 supra
1402 4239 1566 4322 expositae

372 4341 566 4419 tractantur,
601 4339 647 4404 ita
681 4341 791 4406 contra
823 4360 893 4406 mea
926 4343 1095 4425 sententia,
1130 4361 1166 4406 ex
1200 4359 1261 4424 qua
1294 4342 1442 4407 Ovidium
1470 4360 1505 4407 se
1530 4345 1564 4410 in

372 4441 521 4508 doctrinis
556 4443 620 4508 illis
654 4443 844 4526 explicandis
880 4463 941 4508 non
974 4446 1041 4510 tam
1074 4446 1113 4510 ad
1146 4443 1360 4528 Pythagoram
1394 4463 1489 4528 quam
1522 4449 1565 4512 ad

372 4546 552 4612 Lucretium
566 4547 743 4629 adplicasse
759 4547 920 4627 contendo,
937 4548 1012 4630 ipsis
1031 4548 1220 4632 imaginibus
1237 4567 1272 4612 ex
1289 4548 1404 4613 eisdem
1421 4549 1566 4616 Lucretii
