3366 5132
633 496 845 561 ..71-

137 686 260 768 quain
284 705 317 751 re
349 686 414 752 iam
437 685 619 767 Zingerleus
655 685 832 752 observavit
860 684 1015 750 Nasonem
1048 685 1184 750 Lucretii
1216 687 1328 765 locum,

145 809 244 872 quem
267 807 361 873 supra
384 789 559 874 attulimus,
583 789 835 855 adumbravissa:

349 913 457 974 ferreus
475 908 594 964 adsiduo
612 910 786 964 consumitur
804 909 907 964 caulas
924 925 985 973 aaa,

399 995 498 1049 tuterit
516 994 636 1048 adsidua
653 1010 744 1050 comer
761 995 889 1050 00100000
907 994 995 1049 tamo.

349 1081 417 1151 qaid
434 1083 518 1152 mapa
537 1087 575 1135 cot
593 1097 661 1136 saxo
679 1082 791 1148 domm,
810 1079 877 1150 quid
896 1081 1005 1135 mollius
1024 1080 1123 1136 cada?

400 1167 472 1222 clara
490 1173 584 1221 tamea
602 1168 677 1221 molli
692 1183 761 1220 suaa
780 1173 915 1222 caecator
933 1183 1015 1236 aqua.

141 1290 234 1356 porro
252 1273 393 1336 eodeme
416 1271 503 1336 fonte
525 1273 667 1337 manauit
688 1271 913 1337 dissimilitudo
930 1291 966 1336 ex
977 1272 1013 1336 P.
1027 1271 1073 1336 IV
1087 1273 1136 1349 10,
1151 1272 1241 1354 usq,
1258 1290 1320 1354 qua

142 1373 276 1441 Ovidius
298 1374 446 1440 miseram
461 1394 552 1440 suam
567 1374 778 1440 condicionem
794 1375 826 1439 in
842 1375 933 1439 exilio
949 1376 1005 1439 hac
1021 1374 1168 1440 describit
1183 1374 1321 1440 ratione:

348 1499 429 1564 patto
447 1499 529 1549 cacat
547 1493 674 1562 lapidem,
693 1495 863 1548 corruamitur
882 1493 985 1547 000103
1002 1509 1071 1548 aaa:

401 1581 532 1634 0110011000
546 1596 646 1648 presso
664 1595 753 1635 nomer
770 1578 899 1634 aduncas
917 1579 1006 1634 10000.

138 1688 272 1770 utroque
288 1688 356 1753 loco
367 1688 547 1754 continetur
559 1687 694 1753 Lucretii
706 1706 855 1753 versuum
866 1690 976 1770 aperta
987 1685 1133 1765 imitatio,
1149 1686 1196 1751 ita
1207 1689 1327 1762 tamen,

139 1792 177 1858 ut
200 1792 411 1875 exemplorum
435 1795 509 1859 ordo
532 1792 575 1857 sit
597 1791 750 1857 inversus.
773 1791 886 1874 quibus
909 1791 1058 1874 exemplis
1088 1792 1152 1855 iam
1175 1786 1326 1855 similitu-

139 1897 247 1961 dinem
270 1913 306 1962 ex
328 1896 421 1962 Pont.
445 1896 479 1960 II
505 1896 534 1974 7,
557 1896 599 1962 39
622 1915 689 1979 sqq.
714 1895 933 1979 adiungamus,
957 1913 1035 1978 quae
1059 1893 1161 1960 eidem
1183 1893 1228 1958 rei
1251 1892 1327 1957 illu·

139 2002 285 2066 strandae
308 1999 457 2074 inservit,
487 1999 637 2065 nimirum
660 2003 696 2065 ut
730 2001 929 2077 ostendatur,
966 2017 1061 2082 quam
1095 1995 1205 2061 multis
1235 1995 1328 2061 malis

140 2103 341 2188 miseriisque
364 2103 501 2170 afflictus
524 2103 567 2169 sit
590 2105 681 2185 poeta
703 2104 736 2167 in
759 2103 860 2168 exilio.
898 2094 982 2167 ‘iam'
1018 2100 1095 2166 dicit
1123 2099 1208 2165 Naso
1233 2100 1328 2163 ‘dolor

140 2226 228 2272 meus
251 2209 393 2272 mutatus
417 2210 466 2273 est
488 2207 521 2271 in
545 2206 829 2272 consuetudinem:

761 2332 845 2394 atque
863 2325 977 2380 caducis

398 2429 531 2480 percussa
550 2414 643 2468 crebro
661 2429 732 2466 saxa
750 2418 888 2467 caecatur
906 2413 995 2481 aquia,

346 2501 385 2553 310
403 2516 450 2569 epo
470 2501 601 2553 coctiaco
618 2500 750 2566 fortunae
767 2499 896 2552 00100000
914 2501 980 2563 iota

399 2587 500 2653 uiaque
517 2585 596 2639 tabet
613 2587 644 2638 a'a
663 2585 740 2639 uobis
757 2586 813 2639 tura
831 2601 903 2640 aona
919 2585 1004 2656 plapu
1021 2585 1118 2640 locam.

347 2687 398 2725 aec
415 2672 504 2740 acopis
522 2671 642 2725 adsiduo
659 2687 752 2726 comer
771 2676 904 2725 tenuatur
921 2673 954 2725 ab
973 2687 1037 2738 aaa,

399 2774 450 2812 acc
467 2760 556 2828 magis
574 2764 612 2812 eat
630 2759 722 2813 carcia
741 2759 836 2826 Appia
853 2759 922 2812 trita
940 2758 1017 2822 rotis,

345 2850 461 2912 pectora
480 2861 562 2913 quam
580 2860 641 2897 meo
658 2848 726 2897 aaut
743 2845 813 2898 serie
832 2850 943 2898 caecato
961 2844 1107 2897 malorum.

141 2951 287 3015 videmus
310 2951 414 3014 autem
439 2949 587 3016 Ovidium
609 2950 667 3014 hoc
689 2968 811 3032 quoque
833 2950 900 3013 loco
916 2948 1091 3030 anaphoras
1106 2948 1325 3031 indulgentem

141 3054 286 3120 consulto
320 3071 409 3118 voces
442 3053 590 3136 repetitas
626 3053 689 3118 ‘nec
723 3053 832 3138 magis'
869 3071 984 3134 magna
1017 3071 1089 3118 cum
1112 3053 1144 3117 ni
1167 3051 1325 3128 extulisse,

142 3156 259 3239 quippe
284 3156 396 3238 quibus
420 3175 488 3222 eam
504 3157 629 3239 quidem
645 3157 751 3222 sedem
767 3156 925 3239 tribuerit,
942 3174 1020 3239 quaa
1036 3155 1197 3221 fortiorem
1213 3155 1324 3219 elatio-

141 3279 270 3342 nemque
293 3260 579 3342 pronuntiationem
605 3259 734 3326 ecfioiat.
760 3261 916 3326 convertit
940 3264 1047 3326 autem
1069 3263 1162 3343 poeta
1177 3259 1237 3323 hac
1252 3259 1324 3322 imi·

139 3365 262 3430 tatione
284 3364 317 3428 in
340 3382 431 3428 usum
454 3382 545 3428 auum
568 3365 634 3428 loco
668 3364 763 3448 primi
786 3363 919 3447 exempli
954 3363 1135 3428 Lucretiani
1168 3363 1207 3428 ab
1232 3361 1325 3426 anulo

141 3470 274 3533 tenuato
297 3466 390 3550 petiti
413 3472 560 3549 quartum
582 3469 768 3549 exemplum,
804 3467 884 3550 quod
907 3467 947 3532 ad
969 3469 1071 3533 strata
1094 3466 1217 3532 viarum
1240 3463 1326 3547 volgi

140 3570 275 3654 pedibus
298 3568 415 3636 detrita
437 3570 582 3652 pertinet.

245 3691 361 3756 Verum
384 3711 423 3755 ne
445 3709 481 3755 ea
503 3691 738 3772 tantummodo,
764 3708 841 3773 quae
863 3689 927 3755 iam
950 3690 1134 3772 Zingerleus
1157 3688 1326 3773 congessit,

140 3792 193 3860 hic
215 3795 368 3859 ruminari
392 3795 563 3871 videamur,
587 3795 665 3860 alias
688 3813 808 3877 quoque
823 3792 1015 3876 proferamus
1030 3795 1185 3878 imagines
1208 3792 1247 3858 ab
1270 3792 1326 3857 illo

145 3916 207 3962 non
240 3895 437 3980 observatas,
474 3898 587 3981 quibus
621 3897 753 3965 Ovidius
793 3916 855 3962 non
889 3899 992 3962 minus
1025 3899 1166 3980 spectare
1200 3897 1326 3962 videtur

142 3999 282 4066 Lucretii
305 4001 545 4084 descriptionem
561 4020 656 4084 supra
670 4003 958 4067 commemoratam.
984 4002 1072 4083 epist.
1090 4000 1261 4066 XV11133
1277 4017 1330 4081 sq.

145 4105 229 4170 enim
251 4108 343 4188 poeta
365 4105 542 4169 Iicandrum
564 4105 683 4170 Heroni
706 4105 784 4170 haec
807 4105 996 4169 scribentem
1020 4099 1112 4171 facit:

347 4224 402 4277 iarn
416 4230 497 4291 patet
516 4226 631 4278 attritus
648 4225 791 4278 solitorum
810 4225 885 4278 limes
903 4241 1047 4293 aquaram,

398 4327 456 4365 aaa
473 4311 562 4374 aliter,
581 4311 668 4365 multa
686 4327 768 4379 qaam
786 4312 831 4365 otc
845 4327 944 4379 pressa
962 4317 1033 4366 rota.

143 4418 257 4497 quain
280 4417 484 4483 similitudine
518 4417 619 4499 primo
650 4417 781 4482 fortasse
816 4419 929 4482 obtutu
963 4415 1166 4499 adstipularis
1199 4414 1332 4484 Iuniani.

142 4522 316 4586 sententiae
350 4512 449 4586 ‘trita'
483 4539 537 4605 pro
574 4521 695 4602 ‘pressa'
731 4520 920 4586 conicientis.
956 4522 1029 4604 quia
1061 4522 1168 4585 autem
1200 4520 1266 4584 iam
1293 4520 1332 4588 in.
