3366 5132
837 510 1049 575 ...74-

353 700 459 783 ginem
482 717 544 764 non
567 700 728 781 augeatur,
752 699 927 782 explanatis
950 699 1014 764 iam
1038 717 1152 766 novam
1169 699 1391 783 disputationis
1414 704 1540 784 partem

354 803 399 868 sic
422 802 560 868 incohet:

557 937 631 1006 ncne
650 921 725 975 rotie
743 937 813 988 quoe
831 921 874 986 eit,
891 937 945 989 per
962 920 1059 986 fauces
1076 921 1178 976 montio
1195 927 1227 976 et
1245 922 1357 976 Aetnae

556 1008 683 1075 expirent
701 1007 777 1077 ignes
794 1009 869 1062 tuter
887 1008 952 1063 dum
971 1009 1082 1062 turbine
1101 1013 1185 1074 tanto,

557 1095 711 1162 expediam:

353 1200 429 1283 quid
452 1199 516 1265 iam
551 1201 689 1281 apertius
723 1219 817 1283 quam
847 1199 996 1266 Ouidium
1029 1199 1122 1265 huius
1155 1219 1276 1283 quoque
1313 1185 1541 1282 disputationis

353 1303 453 1387 partis
476 1305 674 1370 recordatum
698 1304 771 1368 illas
795 1303 904 1369 ambas
920 1304 1143 1388 excogitatisse
1164 1302 1401 1386 similitudines,
1423 1305 1542 1386 quihus

352 1410 419 1474 tam
442 1408 570 1490 pulchre
592 1407 709 1473 famem
731 1407 872 1473 rabidam
895 1411 928 1472 et
950 1408 1163 1474 insatiabilem
1185 1406 1422 1491 Erysichthonis
1459 1407 1541 1472 illu·

352 1513 486 1576 strauit?
509 1512 592 1576 certe
616 1511 701 1576 favet
723 1529 817 1593 quam
842 1510 976 1577 manime
991 1512 1064 1576 huie
1078 1511 1252 1578 sententiae
1267 1514 1363 1578 etiam
1385 1511 1427 1589 id,
1451 1511 1538 1592 quod

353 1615 434 1679 illud
456 1615 678 1680 Lucretianum
701 1610 837 1680 ‘turbine
860 1616 958 1682 tanto'
980 1617 1013 1680 et
1035 1618 1161 1682 omnino
1184 1619 1260 1694 tota,
1287 1599 1538 1698 quee'sequitur,

352 1718 518 1800 descriptio
553 1720 655 1802 ignem
690 1736 834 1783 voracem
871 1720 964 1801 atque
987 1720 1144 1802 ingentem
1167 1720 1297 1802 spectat,
1323 1737 1384 1801 qua
1408 1735 1480 1782 cum
1505 1739 1541 1784 re

353 1821 456 1888 Ovidii
475 1841 594 1905 quoque
611 1822 779 1905 imaginem
796 1823 902 1906 ignem
917 1817 1022 1887 ‘turba
1037 1824 1104 1904 ipsa
1119 1817 1322 1888 veraciorem’
1339 1824 1538 1904 spectantem

351 1917 479 2008 prorsus
502 1925 679 2006 conspirare
702 1943 794 1990 nemo
817 1945 878 1990 uun
900 1925 996 1991 videt.

455 2027 514 2093 Sed
549 2028 632 2093 haud
667 2029 911 2111 praetereundus
946 2034 994 2096 est
1016 2030 1145 2109 fructus,
1175 2049 1267 2113 quem
1289 2049 1327 2094 ex
1345 2030 1413 2107 hac,
1436 2047 1538 2111 quam

352 2131 443 2195 modo
466 2132 653 2206 statuimus,
687 2131 864 2198 imitatione
887 2134 1063 2198 redundare
1096 2134 1240 2198 existimo
1262 2133 1297 2198 in
1320 2132 1539 2216 quaestionem

352 2236 511 2316 quendam
535 2234 574 2298 ad
587 2236 726 2300 Lucretii
750 2237 889 2300 earmina
911 2239 1130 2320 pertinentem,
1147 2256 1235 2320 quae,
1253 2242 1370 2320 quanta
1385 2240 1434 2300 est
1449 2236 1537 2301 diffi-

354 2336 471 2402 cultate
495 2343 589 2421 atque
613 2340 813 2419 obscuritate,
843 2360 988 2424 persaepe
1011 2360 1118 2407 ansam
1143 2342 1227 2407 dedit
1249 2340 1474 2424 interpretibus
1499 2344 1538 2406 ad

352 2441 453 2507 varias
485 2462 596 2524 easque
625 2442 852 2509 audacissimas
893 2444 1087 2510 coniecturas
1116 2445 1331 2528 proferendas,
1362 2463 1431 2509 eam
1465 2443 1537 2508 dico

351 2546 577 2627 quaestionem,
601 2566 677 2613 num
694 2548 856 2613 Lucretius
872 2550 1013 2613 carmina
1029 2567 1086 2613 sua
1101 2549 1168 2624 hac,
1192 2549 1293 2630 qualis
1314 2566 1395 2613 nuuc
1410 2548 1536 2629 conspi-

351 2650 444 2735 citur,
468 2651 647 2716 condicione
670 2651 842 2733 reliquerit.
867 2652 982 2717 mirum
1006 2652 1090 2716 euim
1115 2671 1268 2734 quemque
1298 2651 1413 2716 habere
1445 2654 1539 2717 debet

349 2754 520 2836 habuitque
543 2754 788 2833 Lachmannum,
812 2755 893 2837 quod
908 2756 1081 2839 Lucretius,
1104 2757 1269 2839 postquam
1293 2757 1325 2820 in
1348 2757 1535 2820 anteceden-

350 2858 436 2923 tibus
460 2859 497 2923 de
521 2857 688 2923 formidine
704 2860 877 2934 hominum,
893 2879 932 2924 ne
953 2879 1059 2925 rerum
1074 2878 1198 2925 summa
1213 2861 1329 2942 pereat,
1353 2859 1536 2924 timentium

350 2961 473 3026 locutus
495 2966 552 3042 est,
575 2964 684 3028 statim
708 2983 737 3027 v.
763 2965 825 3029 608
849 2983 892 3047 sq.
917 2964 961 3028 sic
983 2963 1106 3047 pergit:

551 3082 693 3150 principio
711 3098 785 3135 crare
803 3083 980 3136 mirentur
998 3099 1056 3137 aec
1075 3083 1191 3138 reddere
1209 3084 1300 3137 nucius

554 3174 688 3222 metuerem
711 3208 716 3220 .
745 3206 752 3220 .
779 3206 786 3221 .

352 3294 424 3340 nam
448 3275 538 3357 plane
561 3274 752 3356 interruptus
776 3277 823 3338 est
839 3279 1000 3340 contentus
1017 3276 1114 3340 totius
1132 3274 1368 3356 disputationis,
1393 3277 1538 3356 quando·

350 3378 477 3461 quidem
500 3379 574 3443 haec
598 3379 693 3442 verba
716 3397 789 3442 cum
813 3379 1001 3465 antegressis
1025 3380 1112 3444 nullo
1134 3384 1224 3461 paeto
1241 3381 1371 3460 possunt
1386 3379 1535 3460 coniungi

350 3501 446 3564 eaque
469 3483 506 3548 de
529 3501 624 3548 causa
638 3503 699 3548 non
717 3482 842 3562 habeut,
860 3502 920 3567 quo
936 3485 1118 3549 referantur.
1143 3486 1175 3548 et
1190 3483 1315 3548 omnino
1332 3481 1383 3547 vel
1398 3480 1534 3546 maxime

348 3585 438 3650 nobis
471 3587 690 3651 offendendum
724 3590 771 3652 est
803 3588 836 3652 in
859 3605 904 3670 eo,
940 3588 1031 3670 quod,
1066 3605 1137 3651 oum
1166 3586 1328 3652 Lucretius
1351 3605 1381 3653 v.
1403 3585 1537 3650 50-55

349 3689 442 3754 huius
465 3690 538 3755 libri
561 3689 749 3757 indicauerit
772 3710 804 3756 se
826 3692 865 3756 de
887 3692 980 3758 rebus
996 3691 1188 3758 admirandis
1204 3689 1438 3772 disputaturum
1454 3707 1532 3765 esse,

317 3835 325 3846 -
349 3811 483 3874 quarum
506 3811 614 3860 causas
636 3794 779 3861 homines
802 3814 864 3861 non
886 3795 1092 3880 intellegant,
1122 3795 1229 3859 tamen
1258 3795 1292 3858 in
1323 3791 1464 3875 sequenti
1495 3791 1536 3856 de

350 3897 516 3962 formidine
539 3899 614 3981 agit,
638 3918 700 3964 non
723 3901 762 3965 de
790 3901 1007 3977 admiratione,
1038 3901 1111 3965 inde
1140 3903 1247 3963 autem
1276 3916 1294 3961 a
1321 3914 1412 3961 versu
1440 3894 1534 3959 modo

349 4005 589 4066 commemorato
612 4020 647 4066 ea
669 4004 796 4078 tractat,
832 4023 910 4086 quae
944 4003 1037 4085 plane
1070 4003 1110 4067 ad
1133 4002 1296 4067 hominum
1318 4000 1532 4084 ignorantium

349 4103 589 4169 admirationem
613 4106 782 4188 pertinent.
806 4127 896 4190 porro
919 4107 970 4172 vel
994 4106 1129 4170 manime
1144 4105 1336 4189 reputandae
1351 4104 1425 4169 sunt
1440 4102 1534 4168 dubi-

348 4205 492 4289 tationes,
516 4207 553 4270 de
569 4208 684 4290 quibus
699 4209 916 4275 Lachmannus
932 4213 964 4276 in
982 4213 1206 4276 commentario
1222 4227 1277 4274 suo
1293 4211 1332 4274 ad
1349 4207 1530 4273 Lucretium

348 4312 418 4388 post
441 4310 508 4389 has,
533 4331 609 4394 quas
633 4313 724 4378 modo
740 4315 876 4394 exposui,
898 4315 1102 4382 difficultates
1119 4314 1376 4379 commemoratas
1390 4311 1476 4376 hune
1497 4310 1531 4374 in

348 4413 478 4477 modum
501 4417 624 4499 egregie
639 4417 794 4482 disseruit.
821 4417 909 4496 ‘huc',
925 4418 1027 4501 inquit
1043 4439 1072 4502 p.
1089 4418 1162 4496 382,
1186 4417 1314 4483 ‘accedit
1329 4415 1411 4498 quod
1427 4414 1531 4479 omnia

348 4515 438 4592 haec,
463 4517 576 4599 quibus
600 4539 685 4585 mare
707 4520 782 4585 fines
805 4539 877 4586 snos
901 4539 961 4587 non
984 4523 1127 4588 excedere
1143 4521 1345 4600 demonstrat,
1369 4516 1531 4584 nonsatis
