3366 5132
637 548 848 613 ..27-

254 732 382 800 Praeter
404 736 460 801 has
494 738 646 821 imagines
681 739 832 822 clangoris
855 739 1067 823 strepitusque
1091 741 1137 806 vis
1161 742 1193 807 et
1214 743 1327 808 natura

149 835 194 898 eis
219 854 339 919 quoque
366 839 626 906 similitudinibus
650 842 811 922 aptissime
833 841 1044 926 significatur,
1079 862 1156 926 quaa
1185 846 1326 911 eventis

149 936 264 1004 silvam
295 943 552 1025 percrepantibus
575 945 693 1027 petitae
727 949 809 1022 sunt,
834 945 933 1011 veluti
956 947 994 1011 ΙΙ.
1018 953 1034 1014 ξ
1057 946 1122 1013 394
1143 965 1209 1030 sqq.
1234 951 1330 1017 Grae-

149 1058 257 1107 corum
281 1048 313 1109 et
335 1046 540 1112 Troianorum
574 1049 690 1113 clamor
724 1048 822 1113 maior
851 1048 946 1114 fuisse
970 1049 1084 1115 dicitur
1117 1069 1212 1132 quam
1235 1053 1331 1117 maris

148 1145 181 1208 in
205 1163 279 1212 saxa
300 1167 366 1213 sese
389 1149 543 1238 iliidcntis
572 1153 721 1234 strepitus
744 1154 800 1216 aut
821 1150 905 1236 ignis
928 1153 1029 1218 saltus
1053 1151 1247 1220 absumentis
1270 1158 1325 1221 aut

148 1248 281 1332 denique
304 1253 391 1317 venti
413 1255 533 1318 sonitus
555 1273 610 1336 per
633 1273 765 1336 quercus
789 1256 948 1321 frondosas
971 1257 1153 1339 strepentis:

354 1374 422 1428 οὔτε
441 1376 586 1442 θαλάσσης
603 1379 677 1440 κόμα
695 1377 785 1430 τόσον
803 1378 875 1445 βοάᾳ
892 1379 959 1430 ποτὶ
977 1377 1090 1444 χέρσον,

355 1461 497 1515 ποντόθεν
515 1463 674 1528 ὀρνύμενον
693 1463 777 1530 πνοιῇ
798 1463 896 1530 Βορέω
919 1465 1063 1531 ἀλεγεινῇ·

355 1548 422 1601 οὔτε
441 1549 530 1615 πυρός
549 1550 652 1612 τόσσος
670 1565 704 1614 γε
722 1549 800 1603 πέλει
820 1550 923 1617 βρόμος
942 1549 1105 1615 αἰθομένοιο

354 1633 455 1700 οὔρεος
473 1634 505 1687 έν
524 1635 639 1703 βήσσῃς,
659 1636 708 1688 ὅτε
726 1635 751 1687 τ’
771 1637 863 1702 ὤρετο
883 1636 997 1701 καιέμεν
1016 1638 1102 1702 ὕλην·

354 1721 416 1774 οὔτ’
436 1721 540 1785 όνεμος
558 1722 665 1774 τόσσον
685 1738 718 1786 γε
737 1723 803 1774 nori
823 1722 923 1789 δρυσὶν
942 1722 1123 1788 ὑψικόμοισιν

352 1810 445 1876 ἠπύει,
465 1811 533 1864 όστε
553 1809 674 1875 μάλιστα
695 1809 766 1876 μέγα
786 1810 920 1879 βρέμεται
937 1808 1128 1876 χαλεπαίνων,

354 1897 427 1962 ὅσση
447 1897 502 1963 άρα
521 1895 633 1963 Τρώων
652 1898 698 1949 καὶ
717 1897 841 1962 Ἀχαιῶν
860 1896 961 1950 ἔπλετο
981 1899 1066 1962 φωνὴ

354 1985 449 2037 δεινόν
468 1983 633 2047 ἀϋσάντων,
651 1985 694 2038 ὅτ’
712 1985 755 2037 ἐπ’
773 1981 936 2048 ἀλλήλοισιν
955 1983 1090 2052 όρουσαν.

148 2107 240 2172 quam
264 2088 435 2170 imaginem
459 2088 625 2152 manifesto
653 2090 789 2170 respexit
804 2087 962 2170 Vergilius
979 2087 1091 2171 Georg.
1110 2089 1155 2152 IV
1171 2087 1232 2154 261
1250 2107 1328 2173 sqq,

148 2211 206 2275 quo
230 2193 296 2257 loco
319 2209 391 2274 apes
425 2191 542 2256 morbis
566 2190 754 2272 quibusdam
789 2189 984 2257 conflictatos
1016 2190 1143 2255 tractim
1166 2209 1329 2257 susurrare

147 2298 307 2362 ‘honum'
350 2380 471 2450 srgfidug
489 2385 521 2434 ut
539 2377 675 2448 quondum
693 2378 770 2433 siluis
788 2379 977 2432 inmurmurat
994 2379 1107 2444 Auster,

351 2473 382 2520 ut
400 2482 476 2520 more
495 2466 640 2520 sollicitum
658 2465 755 2519 stridit
772 2466 950 2533 refluentibus
968 2465 1059 2530 unciis,

352 2558 461 2607 aestuat
478 2558 511 2606 ut
529 2551 631 2606 clausis
648 2551 767 2620 rupidus
784 2552 947 2617 fornacibus
964 2553 1046 2621 iguis.

147 2663 307 2744 praeterea
331 2658 391 2724 huc
413 2659 592 2723 referendus
627 2658 676 2723 est
709 2659 794 2723 locus
818 2659 897 2722 Aen.
923 2657 953 2721 X
976 2658 1016 2722 97
1047 2676 1125 2740 sqq,
1155 2658 1209 2722 ubi
1237 2661 1328 2740 poeta

148 2783 289 2829 murmur
312 2763 345 2827 in
368 2763 496 2828 deorum
520 2761 660 2841 consilio,
684 2780 815 2844 quorum
837 2761 893 2828 elii
909 2761 1033 2838 Venari,
1057 2761 1113 2826 eiii
1135 2761 1246 2828 Iunoni
1269 2763 1325 2827 ad·

146 2868 334 2946 sentiuntur,
358 2866 461 2930 simile
486 2865 582 2930 fuisse
605 2869 720 2930 narrat
735 2866 821 2930 venti
844 2865 990 2947 strepitui
1012 2866 1046 2929 in
1076 2866 1155 2932 silva
1183 2864 1324 2932 orientis.

143 2972 198 3048 sed
222 2969 384 3036 Lucretius
407 2986 529 3051 quoque
551 2969 675 3033 easdem
706 2969 834 3051 praebet
861 2969 982 3050 effigies
1012 2969 1058 3034 VI
1088 2969 1149 3035 135
1178 2990 1235 3055 sq,
1267 2989 1327 3052 quo

145 3075 211 3139 loco
233 3075 326 3158 poeta
348 3074 485 3138 tonitrus
518 3073 671 3156 originem
706 3074 749 3137 sic
784 3072 847 3136 fare
871 3073 1020 3154 explicat:
1055 3073 1195 3138 videmus
1228 3072 1327 3140 nubas

144 3181 304 3260 quasdam,
320 3195 399 3258 quae
415 3177 559 3242 arborum
573 3193 766 3241 ramosarum
779 3175 878 3239 instar
894 3181 996 3258 partes
1013 3176 1184 3242 eminentes
1199 3177 1327 3255 habent,

144 3281 203 3346 huc
225 3281 301 3346 illuc
322 3281 492 3363 proiectas3
516 3298 592 3361 quas
617 3280 643 3343 si
666 3278 752 3344 venti
775 3278 916 3362 perfiant,
940 3278 1004 3344 iam
1028 3281 1148 3346 tonitru
1169 3279 1327 3363 sequitur:

349 3399 458 3460 scilicet,
476 3405 516 3463 ut,
536 3399 659 3454 crebram
675 3399 772 3453 siloam
791 3414 854 3452 cum
870 3399 983 3466 βωσάτω
1001 3400 1082 3452 couri

344 3485 475 3553 perflant,
494 3485 564 3540 dant
581 3485 699 3538 sonitum
716 3485 830 3548 frondes
847 3485 971 3552 ramique
988 3484 1136 3554 fragorem.

143 3609 221 3672 quac
232 3591 370 3655 tonitrus
378 3591 542 3674 explicatio
554 3591 582 3654 si
595 3591 1019 3674 cuiquamdisplicaat‚paulo
1031 3589 1246 3656 infravv.142
1257 3609 1323 3673 sqq.

141 3697 233 3776 poeta
255 3693 350 3759 aliam
373 3693 506 3776 profert:

346 3818 413 3866 sunt
431 3813 513 3866 etiam
530 3813 630 3880 {luctus
646 3829 697 3880 per
714 3814 820 3878 nubila,
839 3814 887 3882 qui
905 3814 985 3881 quasi
1001 3828 1129 3866 murmur

348 3898 418 3951 dont
437 3898 643 3968 infrangendo
660 3899 796 3968 praviter5
813 3897 885 3966 quod
902 3900 967 3950 item
984 3897 1016 3963 pit
1034 3899 1065 3950 iu
1082 3898 1148 3951 altis

347 3986 506 4053 fluminibus
523 4003 673 4056 magnoque
691 3989 771 4050 muri,
790 4003 850 4041 cum
867 3987 1011 4056 frangitur
1028 3992 1127 4040 aestus.

140 4109 219 4173 quae
244 4092 339 4156 maris
364 4091 531 4175 descriptio
548 4111 718 4176 congruere
733 4093 858 4156 videtur
874 4110 943 4156 cum
961 4110 996 4156 aa
1011 4089 1115 4157 Ovidii
1130 4089 1270 4176 imagine
1287 4109 1322 4155 ex

140 4195 839 4279 marisnaturadeprompta,quapoatapopuli
851 4214 1013 4260 murmura
1024 4193 1100 4259 Met.
1111 4193 1242 4260 XV603
1256 4213 1322 4276 sqq.

141 4297 223 4363 hunc
245 4297 279 4363 in
302 4300 430 4364 modum
455 4298 605 4383 depinxit:

347 4401 443 4468 qualia
459 4401 612 4464 succinctis,
631 4401 680 4454 ubi
697 4405 763 4454 trux
781 4400 906 4454 insibilat
924 4416 1015 4466 eurus,

346 4502 489 4540 murmura
503 4487 608 4555 pinetis
625 4487 706 4553 fiunt,
725 4493 775 4541 out
793 4489 890 4556 quatio
906 4489 1007 4556 fluctus

345 4575 473 4642 aequorei
489 4573 609 4639 fuciunt,
627 4574 651 4628 si
668 4573 730 4642 quis
745 4575 845 4642 procui
862 4573 962 4628 audiat
980 4574 1049 4627 iilos.
