3366 5132
618 523 831 590 ..23...

335 713 361 762 et
380 707 458 760 modo
476 707 609 776 desperat,
629 708 706 763 modo
725 709 783 764 eall
802 715 942 777 temptare,
958 709 1100 779 pudetque

336 799 361 848 a
378 795 463 863 capit,
483 801 516 860 et,
536 795 603 863 qaid
622 802 697 865 apat,
719 812 774 850 aea
793 797 907 850 incenit.
926 801 1009 865 algae
1026 797 1116 850 secari
1165 843 1175 864 ,

335 883 429 936 saucio
447 883 523 936 trabe
540 883 645 953 tapsar,
662 883 710 936 abi
724 884 811 954 plaga
830 885 981 938 novissima
997 889 1091 945 restat,

335 983 388 1036 qao
406 968 496 1032 eadat,
514 969 546 1023 ia
565 968 648 1023 dubio
666 975 706 1024 eet
724 972 848 1038 carnique
867 987 885 1023 ο
899 975 982 1037 μανία
1000 972 1132 1024 timetur:

334 1055 373 1108 ete
389 1056 499 1110 calmas
517 1056 596 1108 cario
614 1055 765 1122 labefactas
782 1056 896 1110 υυίαστσ
915 1061 997 1110 aatat

334 1141 387 1194 bac
405 1141 470 1195 levis
487 1147 570 1210 atque
587 1141 654 1196 illuc
672 1148 859 1211 momentaque
877 1144 960 1198 sumit
978 1148 1102 1212 atroque.

123 1245 260 1310 dubium
294 1264 359 1310 esse
389 1248 512 1330 nequit,
543 1249 618 1329 quin
647 1245 778 1315 Ovidius
809 1249 899 1313 illam
925 1248 1057 1333 Vergilii
1086 1250 1256 1334 imaginem
1280 1254 1312 1318 in

126 1365 221 1413 nsum
255 1367 346 1414 snum
376 1349 571 1415 converterit.
607 1339 737 1433 adparet
767 1371 840 1418 vero
876 1352 1034 1418 Nasonem
1070 1353 1156 1419 aliud
1180 1356 1253 1437 qnid
1276 1355 1314 1422 de

126 1457 238 1520 arbore
271 1454 310 1518 ad
348 1454 570 1522 illustrandum
604 1455 774 1540 sumpsisse
812 1475 905 1539 quam
942 1461 1048 1539 poetes
1086 1458 1314 1525 antecedentes.

126 1573 201 1622 nam
235 1575 309 1624 cnm
343 1557 527 1639 Apollonius
562 1562 592 1624 et
626 1557 783 1642 Vergilius
815 1559 986 1625 Homerum
1019 1561 1119 1626 secuti
1152 1560 1185 1626 in
1221 1563 1314 1627 verbo

125 1660 258 1726 cadendi
293 1660 448 1744 medium,
483 1661 565 1743 quod
589 1665 715 1742 vocant,
751 1663 992 1746 comparationis
1025 1665 1201 1747 posuerint,
1232 1663 1314 1748 apud

123 1763 289 1842 Ovidium,
313 1763 426 1847 quippe
449 1765 503 1846 qui
524 1765 555 1828 in
572 1765 683 1847 primis
707 1766 834 1843 colores,
859 1765 972 1848 quibus
995 1767 1043 1832 illi
1067 1786 1138 1832 suas
1161 1769 1313 1851 imagines

125 1870 372 1948 exornaverunt,
396 1869 579 1952 respexerit,
615 1869 647 1932 in
681 1868 777 1934 verbo
811 1863 912 1934 ‘nutu’
943 1871 1034 1934 cardo
1059 1871 1193 1936 vertitur
1216 1871 1313 1937 totius

123 1971 360 2037 similitudinis.

232 2075 316 2140 Huic
349 2074 483 2158 imagini
523 2075 689 2140 adnectere
728 2076 832 2159 placet
872 2077 1046 2161 complures
1090 2076 1313 2143 similitudines

125 2199 143 2244 e
168 2177 254 2244 foliis
277 2179 327 2242 vel
350 2177 516 2242 frondibus
532 2179 655 2259 petitas,
673 2197 750 2260 quas
766 2180 983 2246 multitudinis
998 2181 1203 2246 illustrandae
1220 2197 1314 2246 causa

124 2281 275 2347 adhibuit
298 2280 430 2346 Ouidius
459 2281 558 2345 veluti
581 2283 659 2346 Met.
688 2281 735 2346 XI
758 2283 838 2360 6153
864 2283 902 2348 A.
927 2283 965 2347 A.
989 2283 1040 2348 111
1066 2282 1216 2366 16231b.
1244 2283 1313 2348 195.

127 2387 190 2450 hnc
213 2403 334 2469 quoqne
363 2384 544 2450 referendae
572 2389 646 2450 sunt
675 2386 843 2469 imagines,
871 2387 904 2452 in
933 2385 1046 2470 quibus
1076 2388 1165 2453 flores
1187 2389 1311 2472 ingenti

125 2491 237 2572 copiae
256 2488 453 2554 'indicandae
486 2489 676 2573 inserviunt3
719 2491 806 2555 cuius
847 2489 993 2574 imaginis
1036 2492 1179 2574 exempla
1218 2492 1313 2557 habes

127 2592 222 2658 Trist.
247 2593 293 2657 lV
319 2595 346 2669 1,
369 2593 428 2677 573
453 2595 490 2658 A.
514 2594 553 2658 A.
577 2594 628 2658 ΙΙΙ
653 2594 729 2676 185;
759 2595 805 2660 lb.
832 2596 903 2660 197.
941 2597 1051 2677 quibus
1074 2597 1108 2660 in
1130 2595 1315 2662 similitudi·

129 2699 220 2764 nibus
237 2697 421 2763 adhibendis
434 2697 497 2763 iem
509 2698 709 2779 praeiverant
720 2699 875 2764 Homerus
889 2697 946 2764 0d.
962 2721 972 2764 1
987 2696 1044 2778 51;
1063 2699 1102 2764 ΙΙ.
1115 2706 1132 2780 β
1146 2699 1219 2778 468,
1234 2699 1313 2784 80ος

125 2804 162 2866 et
178 2800 365 2884 Apollonius
381 2804 457 2884 Arg.
475 2801 522 2866 IV
538 2801 611 2877 216,
636 2819 712 2883 quos
736 2805 843 2867 tamen
865 2802 959 2881 locos,
986 2819 1055 2867 oum
1080 2802 1174 2868 huius
1190 2804 1313 2886 generis

127 2905 283 2989 imagines
307 2905 530 2970 usitatissimae
565 2906 630 2970 sint
653 2909 684 2972 et
711 2906 855 2971 omnibus
878 2906 978 2984 poetis
1009 2907 1149 2972 omnium
1171 2907 1315 2990 gentium

125 3010 325 3087 communes}
359 3007 507 3074 Ovidium
539 2995 722 3092 neutiquam
756 3010 828 3075 ante
861 3009 967 3074 oculos
1002 3009 1151 3076 habuisse
1175 3009 1226 3077 vix
1248 3011 1315 3076 ulla

128 3113 251 3197 indiget
273 3111 496 3178 admonitione.

232 3216 371 3282 Maxime
393 3216 542 3282 delectati
571 3220 644 3281 sunt
666 3220 775 3299 poetae
799 3235 835 3282 ea
856 3216 1011 3300 imagine,
1046 3236 1107 3301 qua
1130 3218 1314 3300 plerumque

125 3321 359 3399 adulescentes,
395 3323 448 3402 qni
482 3324 616 3386 mortem
650 3321 811 3399 obierunt,
847 3320 1049 3386 conferuntur
1078 3338 1150 3386 cum
1183 3320 1311 3386 floribus

129 3423 284 3490 infractis.
324 3423 412 3488 cuius
447 3424 563 3506 effigiei
594 3424 711 3489 fundus
751 3427 799 3489 est
840 3426 926 3490 locus
949 3424 987 3490 Il.
1011 3430 1029 3490 θ
1053 3422 1115 3489 306
1150 3441 1225 3506 sqq,
1259 3423 1315 3487 ubi

126 3527 316 3612 Gorgythio,
339 3527 422 3592 filins
439 3528 569 3608 Priami,
595 3527 707 3593 Teucri
731 3529 848 3612 sagitta
870 3530 1051 3594 vulneratus
1080 3530 1173 3609 caput
1194 3527 1316 3594 casside

126 3635 295 3714 gravatum
319 3634 350 3696 in
375 3632 510 3697 alteram
533 3634 654 3714 partem
677 3631 822 3700 inclinat:

338 3734 437 3801 μήκων
456 3733 481 3787 δ’
501 3736 540 3797 ὡς
560 3735 685 3803 ἑτέρωσε
705 3736 778 3802 κάρη
799 3735 892 3799 βάλεν,
911 3735 957 3800 ἣτ’
977 3734 1019 3787 ἐνί
1038 3732 1132 3800 κήπῳ,

228 3839 230 3843 ·
336 3826 436 3890 καρπῷ
457 3821 610 3889 βριθομένη
631 3819 744 3890 νοτίῃσί
763 3836 795 3873 τε
815 3818 985 3888 εἰαρινῇσιν·

337 3907 377 3970 ὣς
396 3907 514 3975 ἑτέρωσ’
533 3909 625 3974 ήμυσε
644 3908 717 3974 κόρη
737 3909 842 3974 πήληκι
862 3906 1011 3973 βαρυνθέν.

233 4013 316 4078 Huic
340 4013 472 4099 imagini
488 4014 527 4079 ad
543 4014 693 4078 amussim
709 4012 774 4076 lere
790 4011 979 4092 respondent
994 4029 1039 4090 ea,
1057 4011 1170 4093 quibus
1187 4009 1316 4094 Apollo-

128 4117 201 4188 nius
223 4119 356 4183 mortem
381 4119 606 4202 terrigenarum
629 4115 769 4198 depinxit
791 4113 870 4199 Arg.
896 4113 946 4178 ΙΙΙ
973 4115 1054 4179 1398
1077 4133 1160 4196 sqq.:

337 4221 421 4289 ἔρνεά
439 4237 494 4274 που
513 4219 608 4283 τοίως,
627 4219 695 4282 Διός
715 4218 842 4272 ἄσπετον
861 4216 1071 4285 ὀμβρήσαντος,

337 4310 460 4375 φυταλιῇ
479 4308 639 4373 νεόθρεπτα
658 4305 857 4369 κατημύουσιν
876 4304 958 4371 ἔραζε

337 4393 496 4447 κλασθέντα
516 4391 638 4459 ῥίζηθεν,
658 4391 784 4457 ἀλωήων
802 4391 891 4453 πόνος
912 4388 1039 4457 ἀνδρῶν·

337 4480 389 4532 τόν
410 4479 440 4532 δὲ
460 4477 602 4545 κατηφείη
622 4495 653 4532 τε
673 4479 720 4530 καί
739 4477 843 4530 οὐλοόν
863 4477 950 4541 ἄλγος
968 4473 1057 4528 ἱκάνει

337 4566 442 4631 κλήρου
462 4567 634 4631 σημαντῆρα
652 4562 855 4630 φυτοτρόφον·
879 4562 918 4625 ὣς
937 4564 1000 4616 τότ’
1020 4561 1144 4624 ἄνακτος
1166 4595 1174 4612 .
1201 4597 1208 4614 .
1235 4593 1245 4611 .
