3366 5132
614 548 823 612 ..45-

116 730 238 813 quibus
255 732 396 798 versibus
409 731 557 798 Ovidium
576 734 609 798 in
628 734 738 816 primis
751 736 932 801 Lucretium
948 741 1022 803 ante
1038 739 1143 804 oeulos
1158 738 1313 822 hahuisse,

117 835 180 917 qui
203 855 254 900 eas
276 837 359 918 ipsas
382 855 431 901 res
455 839 493 902 ad
510 837 590 902 caeli
605 839 758 903 miracula
773 839 967 923 pertinentes
989 843 1099 907 multis
1118 843 1193 908 locis
1209 846 1312 928 eopio-

116 939 246 1003 sissime
263 938 450 1022 explanavit,
475 942 543 1020 quis
560 945 607 1005 est
630 941 706 1023 quin
721 941 848 1007 videat?
863 961 962 1025 neque
975 944 1106 1010 dubium
1118 963 1185 1010 esse
1195 948 1311 1030 potest,

117 1042 200 1125 quin
222 1047 315 1126 poeta
336 1043 427 1107 Lucr.
452 1044 482 1107 V
504 1043 569 1109 509
593 1063 637 1126 sq.
662 1045 843 1129 respexerit,
866 1045 922 1110 ubi
946 1047 1021 1112 haec
1043 1049 1206 1132 leguntur:

331 1182 447 1236 motibus
465 1188 604 1236 astrorum
622 1200 786 1252 coaequae
804 1185 840 1238 sit
858 1201 943 1240 causo
961 1203 1099 1241 canamus.

327 1267 472 1336 principio
489 1283 607 1337 moqnue
627 1270 696 1323 eceli
713 1271 738 1324 ei
755 1273 874 1325 sortitur
892 1271 965 1326 orbis
988 1311 995 1325 .
1022 1311 1029 1325 .
1056 1309 1065 1326 .
1093 1312 1100 1326 .

117 1408 200 1472 quos
222 1408 330 1454 versus
354 1390 556 1456 Lucretianos
579 1395 690 1474 poetae
714 1394 817 1458 animo
842 1395 1023 1461 obversatos
1046 1414 1114 1460 esse
1137 1415 1171 1461 eo
1189 1396 1313 1462 facilius

118 1493 242 1570 credar,
273 1497 356 1576 quod
384 1512 454 1558 eam
485 1494 613 1576 quidem
636 1497 760 1578 partem
785 1497 932 1563 carminis
955 1499 1114 1578 incohent,
1145 1501 1309 1582 quaesere

86 1649 90 1656 .
118 1601 192 1662 tota
213 1597 247 1660 in
270 1597 482 1680 disputatione
506 1599 544 1662 de
574 1599 732 1663 astrorum
760 1599 898 1665 motibus
928 1603 1079 1667 versatur.
1120 1606 1150 1668 et
1172 1603 1309 1685 profecto

119 1703 291 1782 utrumque
308 1700 412 1766 locum
429 1708 662 1785 comparantem
687 1722 852 1786 quemnam
870 1705 1005 1789 effugere
1022 1710 1123 1788 potest
1138 1707 1311 1772 similitudo

119 1803 194 1884 illa,
218 1820 297 1885 quae
335 1804 505 1869 intercedit
537 1806 622 1870 inter
658 1807 812 1884 rationes,
846 1826 908 1888 qua
930 1810 1060 1891 uterque
1084 1813 1175 1891 poeta
1197 1830 1310 1876 novam

121 1907 273 1972 carminis
297 1907 347 1971 eui
371 1910 494 1987 partem
517 1907 654 1990 incipit?
678 1928 779 1974 nonne
802 1908 907 1975 Ovidii
931 1911 1109 1976 exordiendi
1132 1912 1212 1977 ratio
1227 1907 1313 1995 ‘quid

118 2011 210 2075 vetat
234 2014 266 2076 et
288 2011 398 2076 stellas
433 2013 469 2077 ut
492 2030 635 2094 quaeque
671 2014 831 2095 oriturque
864 2013 1009 2097 caditque
1032 2007 1144 2080 dicere'
1177 2015 1311 2098 perbene

119 2115 291 2198 respondet
313 2114 387 2178 huic
409 2115 597 2180 Lucretiano
624 2111 774 2182 ‘motibus
791 2120 950 2182 astrorum
966 2135 1052 2182 nunc
1070 2137 1148 2201 quae
1165 2119 1207 2183 sit
1222 2138 1314 2185 causa

121 2207 293 2296 canamue',
329 2220 436 2299 utpote
460 2237 531 2282 cum
555 2217 612 2282 illa
635 2219 893 2304 interrogationis
927 2221 1029 2284 forma
1062 2221 1194 2286 eandem
1217 2222 1314 2288 ferme

122 2321 191 2385 vim
205 2321 239 2385 in
255 2321 385 2386 lectores
401 2322 539 2386 exerceat
555 2326 648 2404 atque
665 2323 745 2387 haec
760 2321 961 2388 adhortatio?
977 2327 1070 2405 atque
1085 2325 1190 2406 ipsum
1206 2323 1311 2392 Ovidii

121 2425 322 2490 enuntiatum
353 2419 400 2490 ‘ut
435 2443 578 2507 quaeque
621 2426 741 2506 (stella)
782 2429 941 2508 oriturque
976 2427 1129 2509 caditque’
1162 2413 1319 2510 quidnam¹

121 2528 210 2593 aliud
234 2527 389 2611 significat
411 2547 504 2610 quam
526 2527 666 2594 Lucretii
695 2528 776 2594 illud
801 2523 949 2594 ‘motibus
974 2530 1147 2610 astrorum',
1179 2550 1308 2613 quorum

123 2631 161 2695 de
185 2647 280 2695 cause
301 2631 338 2694 ut
359 2631 514 2712 disputet,
543 2651 609 2696 sese
633 2631 735 2714 ipsum
759 2631 975 2696 adhortatur?
1013 2633 1039 2697 si
1062 2651 1153 2714 porro
1179 2633 1308 2699 Ovidius

123 2735 195 2817 post
218 2752 327 2800 versus
349 2734 421 2799 illos
445 2752 537 2816 supra
560 2738 823 2800 commemoratos
847 2736 892 2800 sic
915 2735 1035 2820 pergit:

333 2881 460 2936 credibile
478 2887 518 2934 est
534 2881 596 2936 illos
609 2882 720 2948 pariter
737 2882 861 2950 vitiisque
881 2881 1000 2950 locisque

385 2968 469 3021 altius
486 2967 614 3020 humanis
631 2969 770 3021 exeruisse
789 2973 885 3036 caput.

125 3097 307 3164 Lucretium
329 3099 460 3164 eandem
484 3099 546 3164 fere
576 3100 768 3164 sententiam
798 3100 858 3164 etsi
888 3101 992 3164 minus
1021 3099 1174 3181 expressis
1204 3099 1309 3164 verbis

126 3207 230 3268 tamen
258 3203 303 3267 eis
334 3203 495 3280 omnimo,
530 3220 610 3284 quae
641 3203 851 3268 multifariam
885 3205 923 3268 de
952 3203 1171 3286 philosophiae
1206 3204 1310 3269 studio

125 3308 157 3370 in
179 3307 290 3388 primis
306 3305 339 3370 in
353 3305 497 3388 Epicurei
512 3305 637 3370 laudern
664 3305 765 3384 affert,
781 3307 959 3371 luculenter
975 3311 1047 3371 ante
1063 3307 1174 3371 oculos
1194 3324 1308 3387 ponere
1324 3325 1326 3332 ’

126 3428 212 3474 nemu
246 3409 358 3474 nescit.
392 3411 424 3472 et
456 3425 585 3489 prorsus
618 3409 678 3490 ipsi
712 3427 819 3474 versus
841 3408 1006 3488 Ouidiani,
1045 3409 1098 3490 qui
1123 3407 1195 3472 illos
1218 3410 1326 3473 modo⁴

127 3511 237 3578 allatos
261 3509 441 3592 excipiunt:

333 3663 391 3703 ooo
412 3649 504 3702 Venus
522 3654 548 3703 et
566 3649 661 3704 uicum
677 3649 807 3703 sublimia
820 3655 934 3718 pectora
950 3650 1034 3718 freqit

385 3734 538 3801 officiumne
554 3735 612 3801 fort
628 3736 775 3790 militiaeue
793 3737 884 3790 labor:

335 3837 385 3875 aco
402 3822 468 3876 lecte
485 3822 596 3875 ambitio
610 3822 781 3890 perfusoque
799 3824 888 3891 pluria
904 3822 970 3887 suco

385 3924 603 3976 compactumque
620 3909 708 3976 sames
725 3909 883 3966 sollicitauit
900 3925 991 3978 opum.

128 4033 227 4098 nescio
250 4032 284 4095 in
307 4050 399 4113 quem
423 4032 521 4096 alium
539 4031 653 4096 melius
670 4033 826 4114 quadrent
841 4052 936 4115 quam
951 4033 984 4096 in
1000 4032 1183 4097 Lucretium
1200 4032 1311 4114 ipsum,
1330 4037 1332 4041 ’

128 4137 179 4218 qui
200 4139 234 4214 et
257 4133 369 4198 multis
392 4134 465 4198 aliis
490 4133 566 4199 locis
591 4141 622 4199 et
638 4135 803 4217 praecipue
818 4137 851 4200 in
867 4136 956 4200 initio
974 4135 1050 4200 libri
1066 4134 1195 4200 alterius
1210 4133 1313 4217 philo-

128 4238 277 4322 sophiam,
300 4237 412 4319 quippe
435 4255 513 4318 quae
536 4237 604 4302 sola
627 4256 716 4303 curas
740 4239 837 4303 lenire
860 4241 892 4302 et
918 4237 1060 4302 animum
1076 4240 1163 4302 metu
1180 4236 1312 4302 liberare

129 4342 240 4424 possit,
270 4340 449 4422 praedicat,
485 4341 595 4422 utpote
626 4360 697 4405 cum
732 4341 987 4425 philosophantes
1023 4343 1185 4424 tamquam
1221 4359 1332 4423 supra

130 4451 242 4512 terram
264 4445 392 4529 eiusque
414 4445 497 4510 vitia
520 4447 614 4526 atque
629 4445 751 4510 labores
774 4446 937 4510 versentur
952 4446 1059 4528 itaque
1076 4445 1138 4526 ipsi
1152 4443 1202 4510 hie
1218 4445 1312 4508 malie

131 4549 163 4613 et
175 4549 280 4633 pravis
296 4554 398 4614 terrae
415 4549 640 4630 cupiditatibus
656 4553 791 4614 careant.
816 4549 948 4631 denique
966 4551 1047 4632 quod
1064 4547 1196 4613 Ovidius
1212 4550 1314 4613 totam
