3366 5132
842 502 1055 567 ..72-

353 710 445 757 versu
468 690 664 757 antecedenti
687 687 836 755 ‘attritus'
862 689 980 774 legitur
1003 708 1102 771 noque
1128 689 1193 754 ueri
1216 688 1319 754 simile
1334 691 1382 753 est
1396 687 1544 753 librarios

352 795 522 861 lectionem
548 784 641 858 ‘trita'
663 793 722 858 hac
745 795 782 858 de
806 813 839 857 re
864 794 1029 876 vulgarem
1052 811 1126 857 sane
1149 796 1290 857 mutasse
1305 794 1336 857 in
1353 791 1543 857 inusitatam

352 889 490 981 ‘pressa',
526 899 558 962 in
593 897 735 962 codicum
768 897 955 962 auctoritate
991 894 1185 977 acquiescere
1219 899 1367 977 praestat.
1406 895 1566 977 denique,
1666 887 1667 896 ’

353 1003 477 1066 notatur
499 999 671 1065 similitudo
694 1018 730 1064 ex
752 998 789 1065 P.
812 1001 829 1064 I
855 1001 881 1079 1,
907 1001 957 1079 70,
982 1018 1043 1080 qua
1064 999 1098 1063 in
1121 999 1256 1080 epistula
1280 997 1410 1064 Ovidius
1441 999 1543 1062 Bruto

352 1104 465 1170 scribit
486 1105 595 1187 pactus
620 1121 712 1168 suum
735 1103 868 1168 assiduis
893 1102 1002 1168 confici
1025 1103 1277 1168 sollicitudinum
1299 1103 1471 1169 morsibus:

611 1223 740 1291 aequorei
758 1223 934 1290 scopulosae
952 1228 1033 1276 cacat
1051 1221 1129 1276 unda
1146 1223 1222 1280 setis.

352 1349 414 1412 qua
440 1330 474 1394 in
497 1348 529 1393 re
553 1327 637 1394 Naso
660 1329 785 1411 praeter
807 1327 898 1392 illum
923 1327 1059 1393 Lucretii
1083 1329 1187 1393 locum
1221 1348 1314 1412 supra
1347 1329 1543 1413 propositum

352 1451 390 1500 ea
412 1452 533 1518 quoque
555 1436 628 1497 ante
652 1432 756 1498 oculos
779 1431 926 1498 habuisse
950 1432 1086 1517 videtur,
1110 1452 1188 1515 quac
1210 1433 1262 1497 hic
1285 1435 1316 1498 in
1337 1436 1442 1499 eodem
1459 1431 1544 1498 libro

353 1537 447 1619 paulo
459 1537 531 1618 post
543 1538 583 1618 (v.
592 1537 724 1619 326sq.)
737 1537 870 1620 exponit,
883 1535 937 1603 ubi
951 1537 1139 1619 probaturus
1152 1537 1274 1602 nullum
1287 1538 1412 1603 oculum
1422 1537 1544 1603 intueri

352 1658 443 1722 possa
459 1659 504 1724 ea,
528 1660 607 1723 quac
630 1645 744 1705 natura
766 1643 858 1706 robus
881 1642 1016 1726 adponat
1038 1642 1077 1706 ab
1094 1641 1199 1724 eisque
1223 1640 1378 1720 detrahat,
1395 1659 1543 1708 saxorum

351 1743 469 1825 profert
491 1744 667 1828 exemplum
691 1744 771 1809 mari
793 1743 1053 1826 impendentium,
1086 1765 1164 1828 quae
1189 1745 1252 1810 salo
1276 1745 1361 1810 edaci
1384 1745 1542 1829 paulatim

353 1848 573 1912 corroduntur:

560 1983 616 2032 nee,
635 1983 712 2021 mare
730 1983 800 2036 qaae
818 1967 980 2036 inpenderet,
998 1984 1074 2023 eeseo
1091 1969 1148 2023 eale
1165 1985 1236 2023 euna
1251 1983 1349 2038 peresa

559 2054 627 2123 qaid
646 2070 752 2123 quoque
771 2055 902 2108 auritteret
920 2056 950 2108 tec
969 2061 1089 2124 tenrpore
1109 2072 1220 2109 eeouoere
1235 2056 1367 2124 p088i8.²⁸r

454 2177 524 2242 Iam
547 2179 669 2242 verosi
691 2178 730 2241 ad
754 2196 804 2242 eas
839 2178 1059 2262 adgrediamur
1093 2178 1317 2244 similitudines
1352 2178 1539 2262 Ovidianas,

350 2298 432 2362 quae
455 2280 596 2364 singulas
619 2281 735 2346 formas
759 2299 797 2346 ac
811 2289 917 2364 partes
933 2301 1037 2346 rerum
1053 2282 1221 2348 fluidarum
1239 2282 1362 2348 inorbo
1379 2287 1540 2348 terrarum

353 2385 508 2466 spectant,
533 2385 631 2449 veluti
653 2404 750 2462 mare,
772 2384 913 2468 flumina,
939 2385 1042 2450 fontes
1065 2385 1188 2467 aliaque
1204 2386 1295 2451 huius
1310 2385 1443 2466 generis,
1469 2392 1543 2452 ante

351 2488 457 2552 omnia
480 2487 630 2552 eximium
653 2506 822 2571 proponam
846 2487 1034 2554 imitationis
1060 2490 1246 2570 exemplum,
1280 2509 1316 2554 ex
1350 2508 1408 2573 quo
1442 2489 1538 2571 plane

351 2591 547 2674 dilucideque
580 2592 693 2675 dispici
727 2596 841 2674 potest,
877 2596 995 2674 quanta
1028 2611 1100 2656 cum
1129 2594 1246 2658 uirtute
1269 2598 1445 2676 quantoque
1469 2612 1542 2659 cum

353 2695 478 2777 ingenio
501 2700 593 2778 pocta
615 2695 839 2781 descriptiones
864 2697 1016 2780 quasdam
1039 2696 1244 2762 Lucretianas
1268 2695 1301 2760 in
1324 2716 1416 2762 usum
1447 2715 1542 2762 suum

352 2799 551 2865 converterit.
586 2801 676 2866 ualde
699 2802 783 2865 enim
806 2800 977 2866 delectatus
1001 2819 1066 2865 esse
1089 2801 1212 2866 uidetur
1236 2798 1366 2865 Ovidius
1391 2817 1426 2865 ea
1449 2803 1543 2884 parte

352 2901 427 2966 libri
450 2901 496 2966 Vl
519 2903 707 2983 Lucretiam,
732 2906 763 2968 in
788 2921 849 2986 qua
872 2904 926 2969 ille
948 2905 982 2969 in
1006 2923 1112 2969 causas
1128 2904 1270 2986 inquirit,
1295 2922 1350 2968 cur
1365 2921 1482 2986 aequor
1507 2924 1543 2969 ex

353 3004 401 3070 tot
443 3006 665 3088 tantorumque
706 3005 873 3072 fluminum
907 3010 1121 3072 exoneratione
1154 3027 1215 3072 non
1251 3008 1405 3072 redundet
1440 3026 1541 3090 neque

350 3108 476 3173 omnino
499 3113 661 3194 augeatur.
696 3129 789 3192 quam
812 3111 1034 3192 disputationis
1056 3112 1177 3192 partem
1203 3110 1252 3174 his
1276 3109 1439 3176 incohavit
1464 3130 1537 3176 ver-

352 3210 442 3276 sibus
464 3214 541 3292 (608
564 3219 660 3297 sqq.):

555 3334 698 3402 principio
716 3349 793 3386 roure
811 3333 955 3386 contractor
972 3350 1028 3386 noa
1047 3333 1162 3387 reddere
1180 3335 1269 3386 oeulos

557 3426 698 3484 acturam,
717 3435 770 3488 qno
788 3420 824 3472 sit
842 3424 938 3473 tantas
957 3420 1088 3473 decursae
1108 3436 1252 3488 aquarum,

559 3507 652 3561 monio
670 3523 722 3576 quo
742 3506 854 3561 veninat
873 3523 908 3560 ex
926 3507 1002 3559 coeat
1019 3507 1136 3574 (lamina
1152 3513 1242 3573 parte.

558 3592 631 3647 adde
648 3609 731 3662 cuque
748 3592 844 3646 imbria
862 3598 1085 3660 tenepeslaleaque
1103 3592 1233 3656 oblectes,

558 3680 651 3734 emata
668 3694 738 3748 qaue
756 3678 845 3732 morio
864 3694 898 3732 oe
915 3684 1005 3732 terroe
1023 3683 1214 3747 sperquutque
1232 3678 1393 3746 ripamque:

557 3765 629 3820 aeide
647 3783 710 3820 auos
727 3766 829 3832 sontis:
849 3771 941 3819 tannen
960 3765 998 3818 act
1016 3767 1100 3818 erroris
1118 3766 1211 3818 onme'u-
1229 3781 1362 3818 acerimum

558 3853 649 3922 puttai
666 3855 714 3907 cix
731 3854 823 3906 instar
841 3857 925 3906 erant
943 3853 1029 3905 ecatus
1047 3853 1218 3921 canopoeo,-

559 3953 613 4006 quo
631 3940 723 3992 rainae
740 3943 781 3992 est
797 3939 899 3992 mirum
916 3953 993 3991 orare
1011 3953 1069 3990 acon
1087 3953 1232 4006 capescere
1250 3953 1390 4006 rreaqnum.

350 4061 447 4126 quem
469 4044 574 4108 locum
597 4043 727 4108 Ovidius
751 4042 872 4108 duabus
894 4043 1059 4108 manifesto
1082 4043 1233 4124 expressit
1263 4041 1536 4107 similitudinibus.

350 4165 389 4212 ac
412 4147 550 4230 primum
573 4147 700 4230 quidem
724 4147 799 4212 baec
821 4149 916 4212 maris
940 4144 1105 4229 descriptio
1136 4146 1271 4212 breviter
1289 4147 1413 4211 tantum
1429 4147 1541 4210 adum·

458 4370 491 4438 ²⁴)
511 4369 567 4424 eius
587 4368 658 4424 modi
677 4370 810 4438 imagines
828 4369 899 4439 apud
918 4374 1011 4438 poetas
1031 4366 1191 4438 posteriores
1210 4368 1277 4420 satis
1296 4367 1451 4435 frequentes
1464 4367 1537 4418 sunt.

353 4471 407 4524 qua
426 4453 458 4508 de
476 4471 513 4522 re,
532 4456 564 4508 ut
582 4471 635 4508 uno
654 4455 786 4524 defungar
803 4455 930 4525 exemplo,
950 4455 1069 4510 conferas
1087 4469 1185 4524 quaeso
1199 4452 1311 4522 Sulpicii
1325 4451 1437 4520 Luperci
1451 4451 1537 4505 locum

353 4541 438 4597 Antb.
458 4543 507 4596 lat.
526 4541 557 4596 R.
577 4545 637 4607 648,
657 4547 672 4594 9
692 4557 750 4610 sqq.
