<?xml version="1.0" encoding="UTF-8"?>
<!DOCTYPE html PUBLIC "-//W3C//DTD XHTML 1.0 Transitional//EN"
    "http://www.w3.org/TR/xhtml1/DTD/xhtml1-transitional.dtd">
<html xmlns="http://www.w3.org/1999/xhtml" xml:lang="en" lang="en">
 <head>
  <title>
</title>
<meta http-equiv="Content-Type" content="text/html;charset=utf-8" />
  <meta name='ocr-system' content='tesseract 3.04.00' />
  <meta name='ocr-capabilities' content='ocr_page ocr_carea ocr_par ocr_line ocrx_word'/>
</head>
<body>
  <div class='ocr_page' id='page_1' title='image "./desimilitudinib00washgoog_0185.png"; bbox 0 0 3370 5134; ppageno 0'>
   <div class='ocr_carea' id='block_1_1' title="bbox 772 524 1006 590">
    <p class='ocr_par' dir='ltr' id='par_1_1' title="bbox 772 524 1006 590">
     <span class='ocr_line' id='line_1_1' title="bbox 772 524 1006 590; baseline 0.009 -1"><span class='ocrx_word' id='word_1_1' title='bbox 772 524 1006 590; x_wconf 79' lang='lat'>-172-</span> 
     </span>
    </p>
   </div>
   <div class='ocr_carea' id='block_1_2' title="bbox 293 709 1482 983">
    <p class='ocr_par' dir='ltr' id='par_1_2' title="bbox 293 709 1482 983">
     <span class='ocr_line' id='line_1_2' title="bbox 401 709 1482 802; baseline 0.008 -25"><span class='ocrx_word' id='word_1_2' title='bbox 401 709 458 777; x_wconf 81' lang='lat' dir='ltr'>Oui</span> <span class='ocrx_word' id='word_1_3' title='bbox 481 709 612 793; x_wconf 82' lang='lat' dir='ltr'>imagini</span> <span class='ocrx_word' id='word_1_4' title='bbox 635 711 745 777; x_wconf 88' lang='lat' dir='ltr'>statim</span> <span class='ocrx_word' id='word_1_5' title='bbox 768 715 930 778; x_wconf 79' lang='lat' dir='ltr'><strong>adnectere</strong></span> <span class='ocrx_word' id='word_1_6' title='bbox 954 715 1041 779; x_wconf 88' lang='lat' dir='ltr'>iuvat</span> <span class='ocrx_word' id='word_1_7' title='bbox 1057 717 1299 783; x_wconf 88' lang='lat' dir='ltr'>similitudinem</span> <span class='ocrx_word' id='word_1_8' title='bbox 1315 739 1350 785; x_wconf 83' lang='lat' dir='ltr'>ex</span> <span class='ocrx_word' id='word_1_9' title='bbox 1365 721 1401 786; x_wconf 87' lang='lat' dir='ltr'>P.</span> <span class='ocrx_word' id='word_1_10' title='bbox 1417 721 1433 785; x_wconf 95' lang='grc' dir='ltr'>Ι</span> <span class='ocrx_word' id='word_1_11' title='bbox 1449 722 1482 802; x_wconf 79' lang='grc'>2,</span> 
     </span>
     <span class='ocr_line' id='line_1_3' title="bbox 293 810 1482 898; baseline 0.01 -21"><span class='ocrx_word' id='word_1_12' title='bbox 293 813 337 877; x_wconf 81' lang='grc'>67</span> <span class='ocrx_word' id='word_1_13' title='bbox 364 833 421 896; x_wconf 75' lang='lat' dir='ltr'>sq,</span> <span class='ocrx_word' id='word_1_14' title='bbox 445 832 504 895; x_wconf 92' lang='lat' dir='ltr'>quo</span> <span class='ocrx_word' id='word_1_15' title='bbox 526 813 593 878; x_wconf 90' lang='lat' dir='ltr'>loco</span> <span class='ocrx_word' id='word_1_16' title='bbox 615 817 705 895; x_wconf 88' lang='lat' dir='ltr'>poeta</span> <span class='ocrx_word' id='word_1_17' title='bbox 727 817 797 879; x_wconf 84' lang='lat' dir='ltr'>exul</span> <span class='ocrx_word' id='word_1_18' title='bbox 820 817 947 898; x_wconf 87' lang='lat' dir='ltr'>pectora</span> <span class='ocrx_word' id='word_1_19' title='bbox 969 810 1031 883; x_wconf 83' lang='lat' dir='ltr'>sua¹</span> <span class='ocrx_word' id='word_1_20' title='bbox 1048 820 1180 885; x_wconf 83' lang='lat' dir='ltr'>assiduis</span> <span class='ocrx_word' id='word_1_21' title='bbox 1211 821 1482 890; x_wconf 77' lang='lat' dir='ltr'>sollicitudinibus</span> 
     </span>
     <span class='ocr_line' id='line_1_4' title="bbox 294 915 882 983; baseline 0.002 -1"><span class='ocrx_word' id='word_1_22' title='bbox 294 917 478 982; x_wconf 89' lang='lat' dir='ltr'>diffluentia</span> <span class='ocrx_word' id='word_1_23' title='bbox 500 916 558 982; x_wconf 89' lang='lat' dir='ltr'>hac</span> <span class='ocrx_word' id='word_1_24' title='bbox 581 915 701 982; x_wconf 86' lang='lat' dir='ltr'>ratione</span> <span class='ocrx_word' id='word_1_25' title='bbox 724 918 882 983; x_wconf 89' lang='lat' dir='ltr'>illustrat:</span> 
     </span>
    </p>
   </div>
   <div class='ocr_carea' id='block_1_3' title="bbox 500 1033 1166 1193">
    <p class='ocr_par' dir='ltr' id='par_1_3' title="bbox 500 1033 1166 1193">
     <span class='ocr_line' id='line_1_5' title="bbox 500 1033 1166 1109; baseline 0.011 -18"><span class='ocrx_word' id='word_1_26' title='bbox 500 1038 540 1092; x_wconf 82' lang='lat' dir='ltr'>cie</span> <span class='ocrx_word' id='word_1_27' title='bbox 557 1053 618 1090; x_wconf 86' lang='lat' dir='ltr'>mea</span> <span class='ocrx_word' id='word_1_28' title='bbox 633 1033 774 1106; x_wconf 83' lang='lat' dir='ltr'>perpetuis</span> <span class='ocrx_word' id='word_1_29' title='bbox 792 1039 938 1108; x_wconf 70' lang='lat' dir='ltr'>iiqueduut</span> <span class='ocrx_word' id='word_1_30' title='bbox 952 1047 1068 1109; x_wconf 86' lang='lat' dir='ltr'>pectora</span> <span class='ocrx_word' id='word_1_31' title='bbox 1085 1045 1166 1109; x_wconf 79' lang='lat' dir='ltr'>euris,</span> 
     </span>
     <span class='ocr_line' id='line_1_6' title="bbox 551 1123 1108 1193; baseline 0.011 -17"><span class='ocrx_word' id='word_1_32' title='bbox 551 1123 662 1193; x_wconf 84' lang='lat' dir='ltr'>ipuitue</span> <span class='ocrx_word' id='word_1_33' title='bbox 681 1125 798 1178; x_wconf 81' lang='lat' dir='ltr'>admotis</span> <span class='ocrx_word' id='word_1_34' title='bbox 815 1131 847 1179; x_wconf 88' lang='lat' dir='ltr'>ut</span> <span class='ocrx_word' id='word_1_35' title='bbox 864 1143 937 1181; x_wconf 88' lang='lat' dir='ltr'>acca</span> <span class='ocrx_word' id='word_1_36' title='bbox 954 1142 1018 1182; x_wconf 89' lang='lat' dir='ltr'>cera</span> <span class='ocrx_word' id='word_1_37' title='bbox 1035 1129 1108 1182; x_wconf 84' lang='lat' dir='ltr'>colet.</span> 
     </span>
    </p>
   </div>
   <div class='ocr_carea' id='block_1_4' title="bbox 295 1225 1480 1416">
    <p class='ocr_par' dir='ltr' id='par_1_4' title="bbox 295 1225 1480 1416">
     <span class='ocr_line' id='line_1_7' title="bbox 397 1225 1480 1320; baseline 0.009 -27"><span class='ocrx_word' id='word_1_38' title='bbox 397 1225 512 1293; x_wconf 79' lang='lat' dir='ltr'><strong>Contra</strong></span> <span class='ocrx_word' id='word_1_39' title='bbox 534 1227 621 1311; x_wconf 90' lang='lat' dir='ltr'>origo</span> <span class='ocrx_word' id='word_1_40' title='bbox 644 1246 750 1293; x_wconf 84' lang='lat' dir='ltr'>earum</span> <span class='ocrx_word' id='word_1_41' title='bbox 773 1231 962 1312; x_wconf 76' lang='lat' dir='ltr'>imaginum,</span> <span class='ocrx_word' id='word_1_42' title='bbox 994 1251 1072 1314; x_wconf 87' lang='lat' dir='ltr'>quae</span> <span class='ocrx_word' id='word_1_43' title='bbox 1095 1235 1172 1298; x_wconf 88' lang='lat' dir='ltr'>Met.</span> <span class='ocrx_word' id='word_1_44' title='bbox 1196 1234 1242 1297; x_wconf 92' lang='lat' dir='ltr'>IV</span> <span class='ocrx_word' id='word_1_45' title='bbox 1265 1234 1329 1300; x_wconf 84' lang='lat'>352</span> <span class='ocrx_word' id='word_1_46' title='bbox 1352 1255 1418 1320; x_wconf 89' lang='lat' dir='ltr'>sqq.</span> <span class='ocrx_word' id='word_1_47' title='bbox 1442 1241 1480 1303; x_wconf 93' lang='lat' dir='ltr'>de</span> 
     </span>
     <span class='ocr_line' id='line_1_8' title="bbox 295 1331 813 1416; baseline 0.002 -21"><span class='ocrx_word' id='word_1_48' title='bbox 295 1331 564 1413; x_wconf 85' lang='lat' dir='ltr'>Hermaphrodito&#39;</span> <span class='ocrx_word' id='word_1_49' title='bbox 584 1337 813 1416; x_wconf 86' lang='lat' dir='ltr'>proponuntur:</span> 
     </span>
    </p>
   </div>
   <div class='ocr_carea' id='block_1_5' title="bbox 497 1451 1247 1781">
    <p class='ocr_par' dir='ltr' id='par_1_5' title="bbox 498 1451 1133 1525">
     <span class='ocr_line' id='line_1_9' title="bbox 498 1451 1133 1525; baseline 0.011 -20"><span class='ocrx_word' id='word_1_50' title='bbox 498 1451 544 1505; x_wconf 86' lang='lat' dir='ltr'>iiie</span> <span class='ocrx_word' id='word_1_51' title='bbox 562 1452 635 1506; x_wconf 82' lang='lat' dir='ltr'>cacis</span> <span class='ocrx_word' id='word_1_52' title='bbox 653 1453 730 1508; x_wconf 83' lang='lat' dir='ltr'>veloce</span> <span class='ocrx_word' id='word_1_53' title='bbox 749 1454 885 1522; x_wconf 77' lang='lat' dir='ltr'>applausu</span> <span class='ocrx_word' id='word_1_54' title='bbox 903 1471 1016 1524; x_wconf 86' lang='lat' dir='ltr'>corpore</span> <span class='ocrx_word' id='word_1_55' title='bbox 1029 1458 1133 1525; x_wconf 81' lang='lat' dir='ltr'>palmia</span> 
     </span>
    </p>

    <p class='ocr_par' dir='ltr' id='par_1_6' title="bbox 497 1539 1247 1781">
     <span class='ocr_line' id='line_1_10' title="bbox 499 1539 1211 1610; baseline 0.008 -18"><span class='ocrx_word' id='word_1_56' title='bbox 499 1539 591 1592; x_wconf 77' lang='lat' dir='ltr'>decutit</span> <span class='ocrx_word' id='word_1_57' title='bbox 609 1539 641 1592; x_wconf 84' lang='lat' dir='ltr'>iu</span> <span class='ocrx_word' id='word_1_58' title='bbox 659 1539 760 1605; x_wconf 78' lang='lat' dir='ltr'>latices,</span> <span class='ocrx_word' id='word_1_59' title='bbox 779 1541 941 1610; x_wconf 76' lang='lat' dir='ltr'>alternaque</span> <span class='ocrx_word' id='word_1_60' title='bbox 960 1542 1089 1598; x_wconf 64' lang='lat' dir='ltr'>macchia</span> <span class='ocrx_word' id='word_1_61' title='bbox 1108 1543 1211 1599; x_wconf 74' lang='lat' dir='ltr'>ducens</span> 
     </span>
     <span class='ocr_line' id='line_1_11' title="bbox 498 1625 1247 1700; baseline 0.009 -22"><span class='ocrx_word' id='word_1_62' title='bbox 498 1626 530 1679; x_wconf 86' lang='lat' dir='ltr'>iu</span> <span class='ocrx_word' id='word_1_63' title='bbox 548 1625 661 1693; x_wconf 78' lang='lat' dir='ltr'>liquidis</span> <span class='ocrx_word' id='word_1_64' title='bbox 679 1627 830 1680; x_wconf 75' lang='lat' dir='ltr'>translucet</span> <span class='ocrx_word' id='word_1_65' title='bbox 849 1629 936 1696; x_wconf 81' lang='lat' dir='ltr'>aquis,</span> <span class='ocrx_word' id='word_1_66' title='bbox 955 1634 987 1682; x_wconf 88' lang='lat' dir='ltr'>ut</span> <span class='ocrx_word' id='word_1_67' title='bbox 1006 1629 1126 1684; x_wconf 80' lang='lat' dir='ltr'>eburnea</span> <span class='ocrx_word' id='word_1_68' title='bbox 1143 1631 1168 1684; x_wconf 83' lang='lat' dir='ltr'>ci</span> <span class='ocrx_word' id='word_1_69' title='bbox 1186 1631 1247 1700; x_wconf 84' lang='lat' dir='ltr'>quie</span> 
     </span>
     <span class='ocr_line' id='line_1_12' title="bbox 497 1711 1136 1781; baseline 0.008 -17"><span class='ocrx_word' id='word_1_70' title='bbox 497 1711 578 1780; x_wconf 79' lang='lat' dir='ltr'>siqua</span> <span class='ocrx_word' id='word_1_71' title='bbox 596 1716 670 1780; x_wconf 79' lang='lat' dir='ltr'>repat</span> <span class='ocrx_word' id='word_1_72' title='bbox 688 1711 761 1766; x_wconf 84' lang='lat' dir='ltr'>claro</span> <span class='ocrx_word' id='word_1_73' title='bbox 779 1713 820 1766; x_wconf 89' lang='lat' dir='ltr'>oei</span> <span class='ocrx_word' id='word_1_74' title='bbox 838 1713 961 1767; x_wconf 86' lang='lat' dir='ltr'>eaudida</span> <span class='ocrx_word' id='word_1_75' title='bbox 980 1715 1041 1768; x_wconf 89' lang='lat' dir='ltr'>iilia</span> <span class='ocrx_word' id='word_1_76' title='bbox 1058 1716 1136 1781; x_wconf 89' lang='lat' dir='ltr'>uitro,</span> 
     </span>
    </p>
   </div>
   <div class='ocr_carea' id='block_1_6' title="bbox 290 1815 1290 1902">
    <p class='ocr_par' dir='ltr' id='par_1_7' title="bbox 290 1815 1290 1902">
     <span class='ocr_line' id='line_1_13' title="bbox 290 1815 1290 1902; baseline 0.009 -23"><span class='ocrx_word' id='word_1_77' title='bbox 290 1815 361 1880; x_wconf 89' lang='lat' dir='ltr'>sine</span> <span class='ocrx_word' id='word_1_78' title='bbox 380 1816 473 1880; x_wconf 85' lang='lat' dir='ltr'>dublo</span> <span class='ocrx_word' id='word_1_79' title='bbox 496 1815 651 1897; x_wconf 85' lang='lat' dir='ltr'>exipsius</span> <span class='ocrx_word' id='word_1_80' title='bbox 674 1820 782 1897; x_wconf 90' lang='lat' dir='ltr'>poetae</span> <span class='ocrx_word' id='word_1_81' title='bbox 805 1818 1020 1884; x_wconf 86' lang='lat' dir='ltr'>observatione</span> <span class='ocrx_word' id='word_1_82' title='bbox 1043 1821 1210 1902; x_wconf 88' lang='lat' dir='ltr'>repetenda</span> <span class='ocrx_word' id='word_1_83' title='bbox 1233 1828 1290 1888; x_wconf 91' lang='lat' dir='ltr'>est.</span> 
     </span>
    </p>
   </div>
   <div class='ocr_carea' id='block_1_7' title="bbox 394 1935 1307 2026">
    <p class='ocr_par' dir='ltr' id='par_1_8' title="bbox 394 1935 1307 2026">
     <span class='ocr_line' id='line_1_14' title="bbox 394 1935 1307 2026; baseline 0.012 -28"><span class='ocrx_word' id='word_1_84' title='bbox 394 1935 432 2001; x_wconf 91' lang='lat' dir='ltr'>In</span> <span class='ocrx_word' id='word_1_85' title='bbox 455 1935 590 2020; x_wconf 87' lang='lat' dir='ltr'>imagine</span> <span class='ocrx_word' id='word_1_86' title='bbox 614 1937 728 2013; x_wconf 86' lang='lat' dir='ltr'>autern,</span> <span class='ocrx_word' id='word_1_87' title='bbox 754 1956 832 2020; x_wconf 92' lang='lat' dir='ltr'>quae</span> <span class='ocrx_word' id='word_1_88' title='bbox 850 1940 936 2003; x_wconf 85' lang='lat' dir='ltr'>extat</span> <span class='ocrx_word' id='word_1_89' title='bbox 959 1942 1031 2006; x_wconf 86' lang='lat' dir='ltr'>Am.</span> <span class='ocrx_word' id='word_1_90' title='bbox 1054 1940 1104 2006; x_wconf 93' lang='lat' dir='ltr'>Ill</span> <span class='ocrx_word' id='word_1_91' title='bbox 1128 1943 1157 2021; x_wconf 85' lang='lat' dir='ltr'>I,</span> <span class='ocrx_word' id='word_1_92' title='bbox 1181 1944 1223 2010; x_wconf 86' lang='grc'>65</span> <span class='ocrx_word' id='word_1_93' title='bbox 1246 1963 1307 2026; x_wconf 86' lang='lat' dir='ltr'>sq:</span> 
     </span>
    </p>
   </div>
   <div class='ocr_carea' id='block_1_8' title="bbox 496 2055 1275 2213">
    <p class='ocr_par' dir='ltr' id='par_1_9' title="bbox 496 2055 1275 2213">
     <span class='ocr_line' id='line_1_15' title="bbox 496 2055 1275 2128; baseline 0.012 -22"><span class='ocrx_word' id='word_1_94' title='bbox 496 2059 595 2108; x_wconf 87' lang='lat' dir='ltr'>uestra</span> <span class='ocrx_word' id='word_1_95' title='bbox 612 2059 706 2108; x_wconf 89' lang='lat' dir='ltr'>tameu</span> <span class='ocrx_word' id='word_1_96' title='bbox 723 2055 842 2120; x_wconf 84' lang='lat' dir='ltr'>iacuere,</span> <span class='ocrx_word' id='word_1_97' title='bbox 860 2057 933 2110; x_wconf 84' lang='lat' dir='ltr'>uelut</span> <span class='ocrx_word' id='word_1_98' title='bbox 946 2065 1137 2128; x_wconf 88' lang='lat' dir='ltr'>praemortua,</span> <span class='ocrx_word' id='word_1_99' title='bbox 1156 2061 1275 2115; x_wconf 82' lang='lat' dir='ltr'>membra</span> 
     </span>
     <span class='ocr_line' id='line_1_16' title="bbox 550 2141 1107 2213; baseline 0.007 -19"><span class='ocrx_word' id='word_1_100' title='bbox 550 2141 675 2208; x_wconf 76' lang='lat' dir='ltr'>turpiter,</span> <span class='ocrx_word' id='word_1_101' title='bbox 694 2141 823 2194; x_wconf 80' lang='lat' dir='ltr'>laeeterua</span> <span class='ocrx_word' id='word_1_102' title='bbox 841 2143 1017 2213; x_wconf 79' lang='lat' dir='ltr'>iaupuidiora</span> <span class='ocrx_word' id='word_1_103' title='bbox 1034 2159 1107 2212; x_wconf 83' lang='lat' dir='ltr'>roso,</span> 
     </span>
    </p>
   </div>
   <div class='ocr_carea' id='block_1_9' title="bbox 287 2245 1475 2848">
    <p class='ocr_par' dir='ltr' id='par_1_10' title="bbox 289 2245 1475 2638">
     <span class='ocr_line' id='line_1_17' title="bbox 291 2245 1475 2329; baseline 0.004 -17"><span class='ocrx_word' id='word_1_104' title='bbox 291 2247 423 2312; x_wconf 85' lang='lat' dir='ltr'>fortasse</span> <span class='ocrx_word' id='word_1_105' title='bbox 449 2245 588 2326; x_wconf 84' lang='lat' dir='ltr'>exemplo</span> <span class='ocrx_word' id='word_1_106' title='bbox 611 2245 747 2326; x_wconf 91' lang='lat' dir='ltr'>quodam</span> <span class='ocrx_word' id='word_1_107' title='bbox 770 2246 883 2312; x_wconf 89' lang='lat' dir='ltr'>ductus</span> <span class='ocrx_word' id='word_1_108' title='bbox 906 2251 953 2313; x_wconf 90' lang='lat' dir='ltr'>est</span> <span class='ocrx_word' id='word_1_109' title='bbox 977 2249 1118 2329; x_wconf 89' lang='lat' dir='ltr'>Ovidius,</span> <span class='ocrx_word' id='word_1_110' title='bbox 1149 2269 1221 2316; x_wconf 90' lang='lat' dir='ltr'>cum</span> <span class='ocrx_word' id='word_1_111' title='bbox 1243 2251 1364 2317; x_wconf 90' lang='lat' dir='ltr'>similes</span> <span class='ocrx_word' id='word_1_112' title='bbox 1394 2252 1475 2318; x_wconf 89' lang='lat' dir='ltr'>inra-</span> 
     </span>
     <span class='ocr_line' id='line_1_18' title="bbox 289 2349 1475 2435; baseline 0.003 -19"><span class='ocrx_word' id='word_1_113' title='bbox 289 2352 379 2435; x_wconf 89' lang='lat' dir='ltr'>gines</span> <span class='ocrx_word' id='word_1_114' title='bbox 404 2351 497 2414; x_wconf 89' lang='lat' dir='ltr'>etiam</span> <span class='ocrx_word' id='word_1_115' title='bbox 532 2349 608 2413; x_wconf 91' lang='lat' dir='ltr'>alibi</span> <span class='ocrx_word' id='word_1_116' title='bbox 641 2368 707 2414; x_wconf 88' lang='lat' dir='ltr'>sese</span> <span class='ocrx_word' id='word_1_117' title='bbox 730 2349 876 2430; x_wconf 88' lang='lat' dir='ltr'>offerant,</span> <span class='ocrx_word' id='word_1_118' title='bbox 911 2354 1008 2418; x_wconf 83' lang='lat' dir='ltr'>veluti</span> <span class='ocrx_word' id='word_1_119' title='bbox 1032 2355 1186 2420; x_wconf 86' lang='lat' dir='ltr'>contrarie</span> <span class='ocrx_word' id='word_1_120' title='bbox 1208 2355 1415 2420; x_wconf 90' lang='lat' dir='ltr'>translatione</span> <span class='ocrx_word' id='word_1_121' title='bbox 1437 2355 1475 2419; x_wconf 89' lang='lat' dir='ltr'>ab</span> 
     </span>
     <span class='ocr_line' id='line_1_19' title="bbox 290 2447 1472 2542; baseline 0.007 -24"><span class='ocrx_word' id='word_1_122' title='bbox 290 2454 467 2520; x_wconf 91' lang='lat' dir='ltr'>hominibus</span> <span class='ocrx_word' id='word_1_123' title='bbox 491 2455 530 2518; x_wconf 91' lang='lat' dir='ltr'>ad</span> <span class='ocrx_word' id='word_1_124' title='bbox 553 2454 644 2518; x_wconf 87' lang='lat' dir='ltr'>flores</span> <span class='ocrx_word' id='word_1_125' title='bbox 666 2452 859 2530; x_wconf 80' lang='lat' dir='ltr'>Ciceronem,</span> <span class='ocrx_word' id='word_1_126' title='bbox 883 2475 954 2520; x_wconf 92' lang='lat' dir='ltr'>cum</span> <span class='ocrx_word' id='word_1_127' title='bbox 989 2457 1067 2521; x_wconf 85' lang='lat' dir='ltr'>dixit</span> <span class='ocrx_word' id='word_1_128' title='bbox 1088 2447 1299 2541; x_wconf 85' lang='lat' dir='ltr'>‘languidulae</span> <span class='ocrx_word' id='word_1_129' title='bbox 1323 2458 1472 2542; x_wconf 89' lang='lat' dir='ltr'>coronae&#39;,</span> 
     </span>
     <span class='ocr_line' id='line_1_20' title="bbox 290 2557 1053 2638; baseline 0.004 -15"><span class='ocrx_word' id='word_1_130' title='bbox 290 2578 381 2624; x_wconf 92' lang='lat' dir='ltr'>usum</span> <span class='ocrx_word' id='word_1_131' title='bbox 405 2578 471 2624; x_wconf 87' lang='lat' dir='ltr'>esse</span> <span class='ocrx_word' id='word_1_132' title='bbox 493 2558 587 2623; x_wconf 89' lang='lat' dir='ltr'>refert</span> <span class='ocrx_word' id='word_1_133' title='bbox 610 2557 822 2638; x_wconf 78' lang='lat' dir='ltr'>Quintilianus</span> <span class='ocrx_word' id='word_1_134' title='bbox 847 2557 927 2624; x_wconf 91' lang='lat' dir='ltr'>VIII</span> <span class='ocrx_word' id='word_1_135' title='bbox 948 2559 978 2637; x_wconf 92' lang='lat'>3,</span> <span class='ocrx_word' id='word_1_136' title='bbox 1002 2561 1053 2627; x_wconf 85' lang='lat'>66.</span> 
     </span>
    </p>

    <p class='ocr_par' dir='ltr' id='par_1_11' title="bbox 287 2661 1475 2848">
     <span class='ocr_line' id='line_1_21' title="bbox 393 2661 1475 2752; baseline 0.005 -27"><span class='ocrx_word' id='word_1_137' title='bbox 393 2662 438 2726; x_wconf 82' lang='lat' dir='ltr'>Iln</span> <span class='ocrx_word' id='word_1_138' title='bbox 460 2661 661 2746; x_wconf 85' lang='lat' dir='ltr'>imaginibus,</span> <span class='ocrx_word' id='word_1_139' title='bbox 686 2680 764 2752; x_wconf 91' lang='lat' dir='ltr'>quae</span> <span class='ocrx_word' id='word_1_140' title='bbox 787 2661 827 2726; x_wconf 97' lang='grc'>66</span> <span class='ocrx_word' id='word_1_141' title='bbox 850 2680 964 2745; x_wconf 87' lang='lat' dir='ltr'>aquam</span> <span class='ocrx_word' id='word_1_142' title='bbox 986 2665 1154 2745; x_wconf 86' lang='lat' dir='ltr'>pertInent,</span> <span class='ocrx_word' id='word_1_143' title='bbox 1178 2663 1236 2729; x_wconf 93' lang='lat' dir='ltr'>hoc</span> <span class='ocrx_word' id='word_1_144' title='bbox 1258 2664 1323 2730; x_wconf 92' lang='lat' dir='ltr'>loco</span> <span class='ocrx_word' id='word_1_145' title='bbox 1340 2683 1475 2732; x_wconf 90' lang='lat' dir='ltr'>comme·</span> 
     </span>
     <span class='ocr_line' id='line_1_22' title="bbox 287 2764 1080 2848; baseline 0.003 -18"><span class='ocrx_word' id='word_1_146' title='bbox 287 2768 443 2832; x_wconf 86' lang='lat' dir='ltr'>meranda</span> <span class='ocrx_word' id='word_1_147' title='bbox 466 2769 512 2830; x_wconf 87' lang='lat' dir='ltr'>est</span> <span class='ocrx_word' id='word_1_148' title='bbox 535 2764 709 2828; x_wconf 91' lang='lat' dir='ltr'>similitudo</span> <span class='ocrx_word' id='word_1_149' title='bbox 732 2766 771 2829; x_wconf 85' lang='lat' dir='ltr'>A.</span> <span class='ocrx_word' id='word_1_150' title='bbox 796 2768 835 2831; x_wconf 85' lang='lat' dir='ltr'>A.</span> <span class='ocrx_word' id='word_1_151' title='bbox 858 2765 908 2831; x_wconf 90' lang='grc' dir='ltr'>ΙΙΙ</span> <span class='ocrx_word' id='word_1_152' title='bbox 931 2766 973 2830; x_wconf 82' lang='grc'>62</span> <span class='ocrx_word' id='word_1_153' title='bbox 996 2785 1080 2848; x_wconf 86' lang='lat' dir='ltr'>sqq:</span> 
     </span>
    </p>
   </div>
   <div class='ocr_carea' id='block_1_10' title="bbox 495 2883 1215 3125">
    <p class='ocr_par' dir='ltr' id='par_1_12' title="bbox 495 2883 1215 3125">
     <span class='ocr_line' id='line_1_23' title="bbox 549 2883 1083 2954; baseline 0.006 -17"><span class='ocrx_word' id='word_1_154' title='bbox 549 2922 556 2937; x_wconf 90' lang='lat'><strong>.</strong></span> <span class='ocrx_word' id='word_1_155' title='bbox 597 2887 662 2936; x_wconf 88' lang='lat' dir='ltr'>euut</span> <span class='ocrx_word' id='word_1_156' title='bbox 680 2883 750 2936; x_wconf 78' lang='lat' dir='ltr'>aurei</span> <span class='ocrx_word' id='word_1_157' title='bbox 769 2898 840 2937; x_wconf 84' lang='lat' dir='ltr'>ruore</span> <span class='ocrx_word' id='word_1_158' title='bbox 857 2883 967 2951; x_wconf 75' lang='lat' dir='ltr'>fluentis</span> <span class='ocrx_word' id='word_1_159' title='bbox 985 2901 1083 2954; x_wconf 85' lang='lat' dir='ltr'>aquae.</span> 
     </span>
     <span class='ocr_line' id='line_1_24' title="bbox 495 2969 1215 3038; baseline 0.003 -15"><span class='ocrx_word' id='word_1_160' title='bbox 495 2984 546 3023; x_wconf 87' lang='lat' dir='ltr'>uec</span> <span class='ocrx_word' id='word_1_161' title='bbox 563 2985 635 3037; x_wconf 83' lang='lat' dir='ltr'>quae</span> <span class='ocrx_word' id='word_1_162' title='bbox 649 2969 802 3036; x_wconf 88' lang='lat' dir='ltr'>praeteriit,</span> <span class='ocrx_word' id='word_1_163' title='bbox 821 2970 922 3024; x_wconf 84' lang='lat' dir='ltr'>iterum</span> <span class='ocrx_word' id='word_1_164' title='bbox 939 2971 1112 3025; x_wconf 78' lang='lat' dir='ltr'>revocabitur</span> <span class='ocrx_word' id='word_1_165' title='bbox 1129 2971 1215 3038; x_wconf 86' lang='lat' dir='ltr'>uada,</span> 
     </span>
     <span class='ocr_line' id='line_1_25' title="bbox 545 3055 1160 3125; baseline 0.005 -18"><span class='ocrx_word' id='word_1_166' title='bbox 545 3069 595 3107; x_wconf 88' lang='lat' dir='ltr'>uec</span> <span class='ocrx_word' id='word_1_167' title='bbox 612 3071 682 3123; x_wconf 84' lang='lat' dir='ltr'>quae</span> <span class='ocrx_word' id='word_1_168' title='bbox 699 3055 850 3122; x_wconf 89' lang='lat' dir='ltr'>praeteriit,</span> <span class='ocrx_word' id='word_1_169' title='bbox 868 3055 938 3109; x_wconf 78' lang='lat' dir='ltr'>liora</span> <span class='ocrx_word' id='word_1_170' title='bbox 955 3057 1046 3109; x_wconf 89' lang='lat' dir='ltr'>redire</span> <span class='ocrx_word' id='word_1_171' title='bbox 1060 3063 1160 3125; x_wconf 79' lang='lat' dir='ltr'>potest,</span> 
     </span>
    </p>
   </div>
   <div class='ocr_carea' id='block_1_11' title="bbox 286 3160 1474 3244">
    <p class='ocr_par' dir='ltr' id='par_1_13' title="bbox 286 3160 1474 3244">
     <span class='ocr_line' id='line_1_26' title="bbox 286 3160 1474 3244; baseline 0.006 -20"><span class='ocrx_word' id='word_1_172' title='bbox 286 3180 369 3244; x_wconf 92' lang='lat' dir='ltr'>quae</span> <span class='ocrx_word' id='word_1_173' title='bbox 393 3160 523 3224; x_wconf 89' lang='lat' dir='ltr'>fortasse</span> <span class='ocrx_word' id='word_1_174' title='bbox 546 3161 628 3225; x_wconf 88' lang='lat' dir='ltr'>redii</span> <span class='ocrx_word' id='word_1_175' title='bbox 651 3160 690 3226; x_wconf 92' lang='grc'>66</span> <span class='ocrx_word' id='word_1_176' title='bbox 713 3161 931 3226; x_wconf 89' lang='lat' dir='ltr'>Heracliteum</span> <span class='ocrx_word' id='word_1_177' title='bbox 955 3162 1032 3227; x_wconf 91' lang='lat' dir='ltr'>illud</span> <span class='ocrx_word' id='word_1_178' title='bbox 1055 3163 1162 3228; x_wconf 86' lang='grc' dir='ltr'>πάντα</span> <span class='ocrx_word' id='word_1_179' title='bbox 1183 3167 1282 3244; x_wconf 82' lang='grc' dir='ltr'>χωρεῖ</span> <span class='ocrx_word' id='word_1_180' title='bbox 1304 3167 1355 3230; x_wconf 90' lang='grc' dir='ltr'>καὶ</span> <span class='ocrx_word' id='word_1_181' title='bbox 1378 3167 1474 3232; x_wconf 84' lang='grc' dir='ltr'>οὐδὲν</span> 
     </span>
    </p>
   </div>
   <div class='ocr_carea' id='block_1_12' title="bbox 288 3262 1472 3450">
    <p class='ocr_par' dir='ltr' id='par_1_14' title="bbox 288 3262 1472 3450">
     <span class='ocr_line' id='line_1_27' title="bbox 288 3262 1472 3352; baseline 0.003 -22"><span class='ocrx_word' id='word_1_182' title='bbox 288 3267 389 3346; x_wconf 85' lang='grc' dir='ltr'>μένει,</span> <span class='ocrx_word' id='word_1_183' title='bbox 421 3267 500 3345; x_wconf 94' lang='lat' dir='ltr'>quod</span> <span class='ocrx_word' id='word_1_184' title='bbox 531 3262 688 3328; x_wconf 89' lang='lat' dir='ltr'>Nasonem</span> <span class='ocrx_word' id='word_1_185' title='bbox 724 3265 818 3329; x_wconf 91' lang='lat' dir='ltr'>etiam</span> <span class='ocrx_word' id='word_1_186' title='bbox 851 3265 1019 3330; x_wconf 89' lang='lat' dir='ltr'>manifesto</span> <span class='ocrx_word' id='word_1_187' title='bbox 1049 3264 1233 3352; x_wconf 85' lang='lat' dir='ltr'>expressisse</span> <span class='ocrx_word' id='word_1_188' title='bbox 1266 3267 1472 3334; x_wconf 83' lang='lat' dir='ltr'>similitudme</span> 
     </span>
     <span class='ocr_line' id='line_1_28' title="bbox 289 3367 971 3450; baseline 0 -17"><span class='ocrx_word' id='word_1_189' title='bbox 289 3368 366 3433; x_wconf 90' lang='lat' dir='ltr'>Met.</span> <span class='ocrx_word' id='word_1_190' title='bbox 389 3367 450 3433; x_wconf 88' lang='lat' dir='ltr'>XV</span> <span class='ocrx_word' id='word_1_191' title='bbox 474 3367 535 3432; x_wconf 80' lang='grc'>178</span> <span class='ocrx_word' id='word_1_192' title='bbox 559 3385 625 3450; x_wconf 91' lang='lat' dir='ltr'>sqq.</span> <span class='ocrx_word' id='word_1_193' title='bbox 649 3388 678 3449; x_wconf 87' lang='lat' dir='ltr'>p.</span> <span class='ocrx_word' id='word_1_194' title='bbox 703 3369 744 3433; x_wconf 89' lang='grc'>49</span> <span class='ocrx_word' id='word_1_195' title='bbox 768 3368 971 3434; x_wconf 84' lang='lat' dir='ltr'>ostendImns.</span> 
     </span>
    </p>
   </div>
   <div class='ocr_carea' id='block_1_13' title="bbox 288 3488 1472 3674">
    <p class='ocr_par' dir='ltr' id='par_1_15' title="bbox 288 3488 1472 3674">
     <span class='ocr_line' id='line_1_29' title="bbox 393 3488 1472 3574; baseline 0.005 -23"><span class='ocrx_word' id='word_1_196' title='bbox 393 3488 481 3568; x_wconf 83' lang='lat' dir='ltr'>Quod</span> <span class='ocrx_word' id='word_1_197' title='bbox 504 3489 610 3553; x_wconf 89' lang='lat' dir='ltr'>antem</span> <span class='ocrx_word' id='word_1_198' title='bbox 633 3489 672 3553; x_wconf 93' lang='grc'>66</span> <span class='ocrx_word' id='word_1_199' title='bbox 695 3491 830 3554; x_wconf 90' lang='lat' dir='ltr'>alteram</span> <span class='ocrx_word' id='word_1_200' title='bbox 853 3489 1025 3574; x_wconf 88' lang='lat' dir='ltr'>imagiuem</span> <span class='ocrx_word' id='word_1_201' title='bbox 1041 3490 1080 3555; x_wconf 89' lang='lat' dir='ltr'>ab</span> <span class='ocrx_word' id='word_1_202' title='bbox 1097 3509 1177 3572; x_wconf 88' lang='lat' dir='ltr'>aqua</span> <span class='ocrx_word' id='word_1_203' title='bbox 1195 3489 1330 3572; x_wconf 88' lang='lat' dir='ltr'>petitam</span> <span class='ocrx_word' id='word_1_204' title='bbox 1348 3493 1472 3574; x_wconf 89' lang='lat' dir='ltr'>attinet,</span> 
     </span>
     <span class='ocr_line' id='line_1_30' title="bbox 288 3591 1358 3674; baseline 0.007 -20"><span class='ocrx_word' id='word_1_205' title='bbox 288 3609 351 3673; x_wconf 87' lang='lat' dir='ltr'>qua</span> <span class='ocrx_word' id='word_1_206' title='bbox 372 3591 522 3656; x_wconf 87' lang='lat' dir='ltr'>lacrimae</span> <span class='ocrx_word' id='word_1_207' title='bbox 546 3611 617 3656; x_wconf 90' lang='lat' dir='ltr'>cum</span> <span class='ocrx_word' id='word_1_208' title='bbox 640 3610 720 3674; x_wconf 89' lang='lat' dir='ltr'>aqua</span> <span class='ocrx_word' id='word_1_209' title='bbox 741 3591 856 3657; x_wconf 89' lang='lat' dir='ltr'>fluente</span> <span class='ocrx_word' id='word_1_210' title='bbox 878 3593 1089 3673; x_wconf 85' lang='lat' dir='ltr'>conferuntur,</span> <span class='ocrx_word' id='word_1_211' title='bbox 1113 3595 1198 3658; x_wconf 82' lang='lat' dir='ltr'>Fast.</span> <span class='ocrx_word' id='word_1_212' title='bbox 1224 3594 1256 3657; x_wconf 95' lang='lat' dir='ltr'>ll</span> <span class='ocrx_word' id='word_1_213' title='bbox 1280 3594 1358 3662; x_wconf 79' lang='lat'><strong>820:</strong></span> 
     </span>
    </p>
   </div>
   <div class='ocr_carea' id='block_1_14' title="bbox 552 3709 1185 3781">
    <p class='ocr_par' dir='ltr' id='par_1_16' title="bbox 552 3709 1185 3781">
     <span class='ocr_line' id='line_1_31' title="bbox 552 3709 1185 3781; baseline 0.003 -17"><span class='ocrx_word' id='word_1_214' title='bbox 552 3747 559 3764; x_wconf 93' lang='lat'><strong>.</strong></span> <span class='ocrx_word' id='word_1_215' title='bbox 598 3710 690 3778; x_wconf 76' lang='lat' dir='ltr'>fluunt</span> <span class='ocrx_word' id='word_1_216' title='bbox 709 3710 838 3765; x_wconf 82' lang='lat' dir='ltr'>lacrimae</span> <span class='ocrx_word' id='word_1_217' title='bbox 856 3727 931 3765; x_wconf 84' lang='lat' dir='ltr'>orere</span> <span class='ocrx_word' id='word_1_218' title='bbox 944 3709 1078 3780; x_wconf 83' lang='lat' dir='ltr'>pereurris</span> <span class='ocrx_word' id='word_1_219' title='bbox 1096 3728 1185 3781; x_wconf 87' lang='lat' dir='ltr'>aquae</span> 
     </span>
    </p>
   </div>
   <div class='ocr_carea' id='block_1_15' title="bbox 287 3814 618 3898">
    <p class='ocr_par' dir='ltr' id='par_1_17' title="bbox 287 3814 618 3898">
     <span class='ocr_line' id='line_1_32' title="bbox 287 3814 618 3898; baseline 0.003 -18"><span class='ocrx_word' id='word_1_220' title='bbox 287 3816 321 3880; x_wconf 93' lang='lat' dir='ltr'>et</span> <span class='ocrx_word' id='word_1_221' title='bbox 344 3814 433 3898; x_wconf 88' lang='lat' dir='ltr'>epist.</span> <span class='ocrx_word' id='word_1_222' title='bbox 458 3815 537 3881; x_wconf 88' lang='lat' dir='ltr'>VIII</span> <span class='ocrx_word' id='word_1_223' title='bbox 560 3817 618 3882; x_wconf 82' lang='lat'>62:</span> 
     </span>
    </p>
   </div>
   <div class='ocr_carea' id='block_1_16' title="bbox 543 3934 1247 4003">
    <p class='ocr_par' dir='ltr' id='par_1_18' title="bbox 543 3934 1247 4003">
     <span class='ocr_line' id='line_1_33' title="bbox 543 3934 1247 4003; baseline 0.003 -16"><span class='ocrx_word' id='word_1_224' title='bbox 543 3949 648 4002; x_wconf 86' lang='lat' dir='ltr'>perque</span> <span class='ocrx_word' id='word_1_225' title='bbox 667 3934 757 3988; x_wconf 87' lang='lat' dir='ltr'>siuura</span> <span class='ocrx_word' id='word_1_226' title='bbox 776 3934 906 3988; x_wconf 85' lang='lat' dir='ltr'>lacrimae</span> <span class='ocrx_word' id='word_1_227' title='bbox 924 3935 1048 4003; x_wconf 74' lang='lat' dir='ltr'>(iumiuie</span> <span class='ocrx_word' id='word_1_228' title='bbox 1065 3937 1155 3989; x_wconf 83' lang='lat' dir='ltr'>irratar</span> <span class='ocrx_word' id='word_1_229' title='bbox 1173 3941 1247 4002; x_wconf 88' lang='lat' dir='ltr'>euut,</span> 
     </span>
    </p>
   </div>
   <div class='ocr_carea' id='block_1_17' title="bbox 286 4038 1471 4638">
    <p class='ocr_par' dir='ltr' id='par_1_19' title="bbox 286 4038 1471 4638">
     <span class='ocr_line' id='line_1_34' title="bbox 288 4038 1471 4124; baseline 0 -20"><span class='ocrx_word' id='word_1_230' title='bbox 288 4040 424 4104; x_wconf 87' lang='lat' dir='ltr'>fundum</span> <span class='ocrx_word' id='word_1_231' title='bbox 446 4038 559 4103; x_wconf 73' lang='lat' dir='ltr'>similis</span> <span class='ocrx_word' id='word_1_232' title='bbox 583 4039 743 4121; x_wconf 86' lang='lat' dir='ltr'>imaginis,</span> <span class='ocrx_word' id='word_1_233' title='bbox 768 4057 847 4121; x_wconf 90' lang='lat' dir='ltr'>quae</span> <span class='ocrx_word' id='word_1_234' title='bbox 870 4039 976 4106; x_wconf 88' lang='lat' dir='ltr'>nivem</span> <span class='ocrx_word' id='word_1_235' title='bbox 999 4041 1224 4124; x_wconf 81' lang='lat' dir='ltr'>ltquescentem</span> <span class='ocrx_word' id='word_1_236' title='bbox 1246 4041 1377 4123; x_wconf 89' lang='lat' dir='ltr'>spectat,</span> <span class='ocrx_word' id='word_1_237' title='bbox 1407 4039 1471 4106; x_wconf 88' lang='lat' dir='ltr'>iam</span> 
     </span>
     <span class='ocr_line' id='line_1_35' title="bbox 289 4141 1471 4226; baseline 0.001 -21"><span class='ocrx_word' id='word_1_238' title='bbox 289 4161 320 4224; x_wconf 82' lang='lat' dir='ltr'>p.</span> <span class='ocrx_word' id='word_1_239' title='bbox 345 4141 387 4206; x_wconf 80' lang='lat'>32</span> <span class='ocrx_word' id='word_1_240' title='bbox 410 4160 455 4223; x_wconf 91' lang='lat' dir='ltr'>sq.</span> <span class='ocrx_word' id='word_1_241' title='bbox 479 4142 664 4207; x_wconf 74' lang='lat' dir='ltr'>deteximus.</span> <span class='ocrx_word' id='word_1_242' title='bbox 698 4145 781 4207; x_wconf 91' lang='lat' dir='ltr'>certe</span> <span class='ocrx_word' id='word_1_243' title='bbox 805 4141 897 4206; x_wconf 88' lang='lat' dir='ltr'>huius</span> <span class='ocrx_word' id='word_1_244' title='bbox 931 4143 1053 4226; x_wconf 89' lang='lat' dir='ltr'>generis</span> <span class='ocrx_word' id='word_1_245' title='bbox 1075 4143 1229 4226; x_wconf 87' lang='lat' dir='ltr'>imagines</span> <span class='ocrx_word' id='word_1_246' title='bbox 1262 4142 1341 4208; x_wconf 79' lang='lat' dir='ltr'>ratIs</span> <span class='ocrx_word' id='word_1_247' title='bbox 1376 4143 1471 4208; x_wconf 84' lang='lat' dir='ltr'>trItae</span> 
     </span>
     <span class='ocr_line' id='line_1_36' title="bbox 288 4244 1468 4327; baseline 0.003 -19"><span class='ocrx_word' id='word_1_248' title='bbox 288 4244 369 4308; x_wconf 92' lang='lat' dir='ltr'>nihil</span> <span class='ocrx_word' id='word_1_249' title='bbox 392 4245 477 4310; x_wconf 89' lang='lat' dir='ltr'>aliud</span> <span class='ocrx_word' id='word_1_250' title='bbox 501 4262 566 4309; x_wconf 90' lang='lat' dir='ltr'>esse</span> <span class='ocrx_word' id='word_1_251' title='bbox 589 4245 736 4310; x_wconf 86' lang='lat' dir='ltr'>videntur</span> <span class='ocrx_word' id='word_1_252' title='bbox 760 4264 854 4327; x_wconf 87' lang='lat' dir='ltr'>quam</span> <span class='ocrx_word' id='word_1_253' title='bbox 877 4245 1063 4312; x_wconf 87' lang='lat' dir='ltr'>variationes</span> <span class='ocrx_word' id='word_1_254' title='bbox 1087 4247 1304 4314; x_wconf 86' lang='lat' dir='ltr'>similitudinis</span> <span class='ocrx_word' id='word_1_255' title='bbox 1327 4247 1395 4312; x_wconf 90' lang='lat' dir='ltr'>loco</span> <span class='ocrx_word' id='word_1_256' title='bbox 1412 4248 1468 4312; x_wconf 94' lang='lat' dir='ltr'>illo</span> 
     </span>
     <span class='ocr_line' id='line_1_37' title="bbox 289 4349 1471 4432; baseline 0.003 -20"><span class='ocrx_word' id='word_1_257' title='bbox 289 4349 451 4413; x_wconf 83' lang='lat' dir='ltr'>tractatae.</span> <span class='ocrx_word' id='word_1_258' title='bbox 475 4350 636 4432; x_wconf 89' lang='lat' dir='ltr'>praeterea</span> <span class='ocrx_word' id='word_1_259' title='bbox 652 4349 790 4414; x_wconf 88' lang='lat' dir='ltr'>conferas</span> <span class='ocrx_word' id='word_1_260' title='bbox 806 4349 959 4431; x_wconf 86' lang='lat' dir='ltr'>imagines</span> <span class='ocrx_word' id='word_1_261' title='bbox 975 4350 1036 4415; x_wconf 93' lang='lat' dir='ltr'>huc</span> <span class='ocrx_word' id='word_1_262' title='bbox 1051 4351 1238 4428; x_wconf 85' lang='lat' dir='ltr'>referendas,</span> <span class='ocrx_word' id='word_1_263' title='bbox 1263 4367 1341 4432; x_wconf 88' lang='lat' dir='ltr'>quae</span> <span class='ocrx_word' id='word_1_264' title='bbox 1363 4356 1471 4415; x_wconf 82' lang='lat' dir='ltr'>extant</span> 
     </span>
     <span class='ocr_line' id='line_1_38' title="bbox 286 4449 1469 4536; baseline 0.005 -23"><span class='ocrx_word' id='word_1_265' title='bbox 286 4450 386 4534; x_wconf 81' lang='lat' dir='ltr'>Epist.</span> <span class='ocrx_word' id='word_1_266' title='bbox 409 4452 438 4516; x_wconf 90' lang='lat' dir='ltr'>X</span> <span class='ocrx_word' id='word_1_267' title='bbox 463 4450 540 4535; x_wconf 87' lang='lat'><strong>138;</strong></span> <span class='ocrx_word' id='word_1_268' title='bbox 565 4454 635 4517; x_wconf 84' lang='lat' dir='ltr'>Am.</span> <span class='ocrx_word' id='word_1_269' title='bbox 660 4451 677 4514; x_wconf 95' lang='lat' dir='ltr'>I</span> <span class='ocrx_word' id='word_1_270' title='bbox 700 4451 730 4530; x_wconf 89' lang='lat'>8,</span> <span class='ocrx_word' id='word_1_271' title='bbox 753 4449 811 4536; x_wconf 73' lang='lat'>503</span> <span class='ocrx_word' id='word_1_272' title='bbox 835 4451 883 4515; x_wconf 90' lang='lat' dir='ltr'>HI</span> <span class='ocrx_word' id='word_1_273' title='bbox 906 4453 935 4534; x_wconf 86' lang='lat'>9,</span> <span class='ocrx_word' id='word_1_274' title='bbox 952 4450 1004 4531; x_wconf 78' lang='lat'>25,</span> <span class='ocrx_word' id='word_1_275' title='bbox 1029 4452 1159 4534; x_wconf 91' lang='lat' dir='ltr'>denique</span> <span class='ocrx_word' id='word_1_276' title='bbox 1176 4451 1415 4518; x_wconf 82' lang='lat' dir='ltr'>similItudinem</span> <span class='ocrx_word' id='word_1_277' title='bbox 1431 4454 1469 4519; x_wconf 87' lang='lat' dir='ltr'>ad</span> 
     </span>
     <span class='ocr_line' id='line_1_39' title="bbox 287 4553 1469 4638; baseline 0.006 -22"><span class='ocrx_word' id='word_1_278' title='bbox 287 4571 373 4617; x_wconf 89' lang='lat' dir='ltr'>mare</span> <span class='ocrx_word' id='word_1_279' title='bbox 407 4554 578 4618; x_wconf 90' lang='lat' dir='ltr'>tremulum</span> <span class='ocrx_word' id='word_1_280' title='bbox 612 4553 821 4636; x_wconf 89' lang='lat' dir='ltr'>pertinentem</span> <span class='ocrx_word' id='word_1_281' title='bbox 853 4556 928 4620; x_wconf 89' lang='lat' dir='ltr'>Met.</span> <span class='ocrx_word' id='word_1_282' title='bbox 958 4555 1004 4619; x_wconf 92' lang='lat' dir='ltr'>IV</span> <span class='ocrx_word' id='word_1_283' title='bbox 1030 4555 1091 4621; x_wconf 82' lang='lat'>135</span> <span class='ocrx_word' id='word_1_284' title='bbox 1118 4574 1173 4638; x_wconf 82' lang='lat' dir='ltr'>sq,</span> <span class='ocrx_word' id='word_1_285' title='bbox 1209 4573 1301 4637; x_wconf 90' lang='lat' dir='ltr'>quam</span> <span class='ocrx_word' id='word_1_286' title='bbox 1338 4555 1469 4623; x_wconf 83' lang='lat' dir='ltr'>fortasse</span> 
     </span>
    </p>
   </div>
   <div class='ocr_carea' id='block_1_18' title="bbox 0 0 1690 5134">
    <p class='ocr_par' dir='ltr' id='par_1_20' title="bbox 0 0 1690 5134">
     <span class='ocr_line' id='line_1_40' title="bbox 0 0 1690 5134; baseline 0 1"><span class='ocrx_word' id='word_1_287' title='bbox 0 0 1690 5134; x_wconf 95' lang='lat' dir='ltr'> </span> 
     </span>
    </p>
   </div>
  </div>
 </body>
</html>
