3370 5134
844 516 1076 580 -164—

368 704 425 770 ubi
447 704 555 771 eodem
578 704 668 771 modo
691 707 729 770 de
753 723 894 770 rosarum
909 704 993 770 foliis
1009 722 1110 770 sermo
1127 706 1185 788 est,
1208 723 1285 787 quae
1301 707 1357 771 aut
1372 725 1408 771 err
1425 707 1558 786 coronis,

369 807 482 888 quibus
506 807 711 875 convivantes
734 806 836 873 ornati
858 809 958 888 erant,
983 811 1038 873 aut
1062 807 1088 872 si
1112 811 1236 891 quand-o
1252 808 1400 875 convivae
1415 809 1555 874 ludendo
1669 831 1670 834 ¹

370 928 455 976 rosas
479 911 563 976 inter
585 930 617 976 se
640 911 804 990 iaciebant,
829 910 910 976 forte
925 910 959 974 in
976 912 1101 992 patinas
1117 911 1198 976 lacte
1214 912 1349 993 repletas
1365 912 1554 980 deciderant.

369 1015 402 1079 id
424 1014 505 1098 quod
539 1013 630 1079 facile
664 1014 862 1096 intellegitur
896 1014 955 1080 hoo
983 1011 1089 1078 Ovidii
1123 1014 1189 1080 loco
1214 1013 1452 1101 (16611359
1486 1021 1547 1101 sq.)

369 1118 518 1202 inspecto,
550 1117 605 1201 qui
638 1117 704 1184 sine
733 1117 826 1182 dubio
859 1116 943 1182 redit
976 1118 1016 1182 ad
1049 1115 1202 1201 imagines
1236 1119 1306 1183 illas
1329 1118 1556 1202 Propertianas

368 1222 460 1289 modo
483 1223 756 1289 commemoratas:

574 1342 686 1398 666611.
705 1347 730 1396 61
748 1342 829 1397 motis
846 1342 926 1409 flores
944 1341 1064 1396 cecidere
1082 1341 1198 1408 capillis,

626 1428 748 1482 66611666
765 1428 797 1482 16
813 1443 920 1482 mensas
938 1433 969 1482 61
987 1443 1051 1481 rosa
1068 1429 1150 1482 misso
1167 1427 1241 1481 solet.

369 1535 501 1617 donique
524 1535 585 1599 huc
606 1535 747 1616 spectant
768 1533 919 1617 imagines
943 1534 1036 1615 epist.
1062 1533 1167 1599 Vrbe
1191 1552 1266 1618 sqq,
1291 1534 1406 1617 quibus
1426 1535 1554 1602 Oenone·

367 1637 485 1717 Paridi,
510 1638 563 1720 qui
586 1638 618 1702 in
641 1654 696 1701 suo
710 1655 815 1720 amore
834 1654 897 1701 non
915 1638 1056 1715 steterat,
1074 1636 1128 1702 ssd
1143 1636 1274 1702 levitate
1291 1641 1322 1702 61
1338 1640 1555 1706 inconstantia

366 1743 407 1807 ad
429 1741 584 1807 Helenam
607 1758 674 1805 sese
697 1743 902 1824 converterat,
925 1741 1000 1805 haec
1023 1739 1136 1806 obicit:

571 1865 605 1914 16
622 1861 706 1915 leuior
722 1858 807 1927 foliis,
826 1865 884 1915 1666
902 1877 964 1915 cum
981 1861 1043 1914 6166
1059 1859 1181 1929 pondere
1198 1860 1259 1914 6661

624 1945 765 1999 mobilibus
783 1947 869 2000 666116
886 1947 970 2001 ariolo
985 1947 1063 2013 facta
1081 1947 1194 2001 661661.

572 2037 599 2087 61
616 2033 708 2086 miuus
725 2038 764 2086 est
781 2033 812 2086 16
831 2038 857 2086 16
874 2049 955 2101 qoam
973 2049 1080 2087 6666666
1093 2033 1207 2101 poecilos
1224 2034 1321 2098 criste,

624 2134 695 2186 6666
713 2118 778 2172 leuis
796 2118 914 2172 66611616
931 2119 1032 2172 solibus
1050 2120 1205 2189 6616661661.

366 2226 576 2302 6661661661,
612 2242 705 2305 quem
734 2224 826 2304 paulo
860 2242 954 2306 supra
988 2227 1233 2304 commemoravi
1256 2226 1411 2309 Propertii
1444 2227 1550 2294 locum

365 2327 398 2391 ΙΙ
421 2329 451 2406 3,
476 2326 517 2391 12
539 2345 605 2409 sqq.
622 2325 734 2393 Ovidio
751 2327 828 2391 1666
844 2323 1066 2392 661661161666
1082 2346 1116 2392 66
1140 2347 1260 2414 666666
1284 2329 1447 2411 evincitur,
1465 2336 1545 2413 quod

365 2432 436 2512 ille,
472 2449 550 2513 quas
573 2431 654 2511 apud
678 2428 877 2513 Propertium
898 2449 928 2495 v,
954 2432 994 2496 14
1017 2431 1165 2515 leguntur
1187 2428 1260 2499 ‘uon
1277 2433 1369 2514 oculi,
1395 2435 1550 2518 geminae,

365 2534 465 2600 sidera
487 2537 602 2616 nostra,
626 2532 732 2614 faces',
757 2533 828 2598 Am.
843 2534 876 2598 ΙΙ
900 2533 951 2614 16,
975 2535 1018 2599 44
1041 2536 1085 2600 616
1109 2535 1309 2602 adumbravit
1334 2536 1396 2620 ‘per
1412 2557 1463 2602 mc
1478 2558 1548 2622 per-

364 2655 423 2721 que
446 2636 562 2720 oculos‚
585 2637 688 2701 sidera
707 2638 823 2714 nostra,
840 2632 929 2703 tuos'.
946 2640 1130 2720 quibuscum
1148 2639 1288 2705 66616166
1305 2639 1380 2704 Met.
1397 2640 1548 2706 1114202

511 2752 515 2759 ’
570 2757 893 2825 666616116616661166
909 2757 1056 2827 6661161661,
1074 2774 1126 2812 eoa
1143 2759 1259 2827 lemica,
1278 2759 1364 2816 sides.

364 2863 457 2944 atque
479 2862 550 2926 iude
586 2863 737 2944 suspicari
774 2863 848 2927 licet
871 2862 1020 2929 Ovidium
1052 2865 1085 2929 in
1119 2864 1228 2947 primis
1250 2864 1451 2948 Propertium
1474 2867 1544 2932 6616

364 2967 467 3030 666166
488 2965 634 3032 16161666
658 2965 747 3050 epist.
770 2966 848 3032 XIX
870 2967 913 3034 55
935 2985 990 3049 sq,
1015 2966 1070 3032 ubi
1093 2967 1265 3033 Acontium
1288 2967 1446 3053 Cydippae
1470 2968 1546 3034 haec

363 3069 549 3134 scribentem
572 3068 661 3135 feeit:

570 3195 602 3244 16
618 3189 690 3255 fecis
707 3189 757 3244 boc
775 3189 898 3258 66611666
916 3189 967 3256 toi,
985 3189 1084 3259 quibos
1101 3190 1183 3260 16666
1200 3187 1300 3245 cedunt

506 3289 509 3294 ’
621 3275 722 3341 sidero,
741 3275 789 3345 661
806 3276 933 3344 flammae
951 3276 1133 3343 mucescere
1150 3293 1232 3343 66666,

364 3383 396 3443 61
418 3379 496 3446 Μ61.
520 3380 622 3445 1498
645 3398 709 3482 sq:

622 3516 839 3538 .....
877 3482 951 3537 uidet
968 3484 1032 3553 1666
1049 3485 1179 3538 micantes

567 3565 705 3623 sideribus
722 3570 822 3623 similes
840 3571 930 3623 oculos
968 3605 976 3622 .
1020 3607 1028 3623 .
1071 3609 1080 3625 .
1121 3608 1131 3627 .

360 3690 552 3755 quamquam
574 3673 656 3739 haud
678 3674 795 3757 ignoro,
819 3693 912 3756 quam
940 3674 1004 3740 1616
1028 3694 1101 3740 usus
1136 3676 1228 3741 buius
1252 3675 1471 3741 translationis
1505 3675 1546 3741 61

361 3777 459 3843 oculis
483 3777 522 3842 ad
545 3777 648 3843 sidera
670 3780 786 3860 pateat.
810 3779 849 3844 cf.
875 3798 995 3862 quoque
1019 3781 1089 3846 Am.
1113 3780 1163 3844 ΙΙΙ
1187 3781 1216 3858 3,
1240 3777 1314 3862 9.⁴³)

465 3880 525 3946 Sed
554 3881 618 3945 iem
653 3881 734 3946 11666
767 3881 996 3948 dissertationis
1028 3885 1153 3964 portem
1186 3884 1386 3950 absolvamus
1421 3883 1545 3967 ultima,

361 4002 439 4066 quae
464 3984 523 4047 huc
545 3983 712 4049 referenda
733 4001 800 4048 esse
824 3984 958 4063 videtur,
982 3984 1121 4067 imagine
1136 3986 1268 4069 prolata,
1292 3984 1361 4051 dico
1380 4004 1459 4064 earn,
1483 4005 1545 4069 qua

359 4089 539 4171 Propertius
572 4086 619 4151 IV
641 4086 671 4162 8,
706 4086 748 4152 55
782 4106 829 4170 sq.
862 4088 998 4153 16611666
1031 4088 1196 4154 6666111616
1231 4089 1312 4154 hunc
1347 4089 1380 4153 16
1414 4090 1543 4154 modum

361 4190 543 4274 descripsit:
647 4238 650 4244 ,

466 4377 497 4442 18)
514 4377 572 4432 Hoc
590 4378 647 4432 1666
666 4377 784 4433 breviter
807 4393 982 4433 commemoro
1000 4379 1067 4433 duas
1085 4379 1219 4449 imagines
1237 4396 1251 4434 6
1275 4380 1408 4435 sideribus
1434 4382 1545 4450 petitas,

356 4461 458 4532 quibus
476 4466 565 4518 tamen
584 4481 711 4520 numerus
729 4466 916 4520 tantummodo
935 4465 1080 4532 indicatur,
1099 4468 1214 4524 1.1.1
1233 4472 1267 4522 19
1286 4471 1313 4522 61
1330 4466 1421 4523 ,Trina
1441 4467 1482 4522 IV
1502 4471 1542 4534 10,

360 4553 411 4602 107
430 4566 469 4618 sq.
488 4551 564 4605 66166
582 4551 772 4606 translationis
792 4568 871 4606 usum
891 4553 946 4606 iarn
966 4553 1104 4609 Catullum
1124 4553 1278 4613 adhibuisse
1302 4571 1328 4625 p.
1349 4559 1398 4608 121
1417 4553 1545 4608 vidimus.
