3366 5132
610 494 825 557 -17-

124 678 274 760 receperit
307 680 340 742 in
363 678 456 756 ovile,
490 681 663 763 rapientem
687 683 780 763 atque
815 700 869 764 per
893 684 1014 767 segetes
1049 683 1081 747 et
1103 702 1157 766 per
1179 697 1307 746 nemora

124 779 326 850 auferentem.
350 801 429 865 quae
452 781 556 868 imago
579 787 617 850 ad
649 784 778 849 Homeri
807 785 913 850 locum
946 786 984 851 ll.
1009 809 1028 853 ν
1052 786 1113 852 198
1143 804 1208 869 sqq.
1241 785 1307 849 iam

121 901 217 967 supra
240 889 409 953 tractatum
445 887 640 953 confermata
663 906 729 955 esse
751 889 890 968 videtur,
924 889 978 956 ubi
1001 890 1114 957 Aiaces
1148 887 1306 954 Imbrinm

123 986 185 1053 alte
219 990 360 1056 tenentes
390 993 484 1075 atque
518 990 679 1057 trahentes
714 991 916 1058 conferuntur
954 1011 1025 1058 oum
1058 991 1217 1071 leonibus,
1252 988 1307 1073 qui

122 1109 267 1174 capream
283 1093 411 1160 canibus
427 1098 565 1176 ereptam
583 1094 690 1161 ierunt
705 1114 759 1177 per
774 1096 872 1162 densa
888 1095 1036 1181 uirgulta.
1062 1099 1169 1163 eodem
1185 1097 1304 1177 spectat

122 1193 297 1279 Vergilius,
332 1215 403 1262 curn
438 1198 517 1265 Aen.
541 1198 587 1263 IX
609 1197 673 1265 565
695 1218 739 1282 sq.
775 1198 864 1282 lupo,
902 1201 956 1282 qni
989 1219 1104 1284 agnum
1129 1194 1304 1264 estabelis

120 1299 212 1382 rapit,
236 1301 390 1384 descripto
405 1301 502 1367 Turni
518 1302 672 1368 virtutem
694 1302 847 1383 ostendat,
866 1303 919 1385 qui
935 1304 1053 1386 Lycum
1077 1303 1115 1367 de
1138 1299 1303 1367 moenibus

123 1401 260 1468 detrahit
284 1407 315 1470 et
338 1404 499 1472 interficit.

225 1505 285 1572 Sed
315 1509 376 1573 iam
406 1509 443 1574 de
474 1509 518 1574 eis
547 1527 677 1592 agamus
706 1508 983 1594 similitudinibus,
1016 1527 1094 1592 quae
1122 1507 1161 1574 ad
1192 1525 1304 1590 aprum

122 1609 275 1676 furentem
296 1614 465 1695 pertinent.
490 1611 601 1696 quibus
617 1614 650 1677 in
667 1613 862 1679 recensendis
878 1613 937 1678 hoo
955 1612 1114 1695 inprimis
1131 1610 1303 1677 observetis

123 1713 217 1778 velim
245 1732 356 1798 aprum
384 1715 528 1781 omnibus
558 1716 633 1781 locis
656 1715 752 1780 simul
775 1734 845 1780 cum
869 1715 1008 1798 canibus,
1031 1733 1182 1798 persaepe
1205 1713 1300 1779 etiam

121 1834 188 1880 cnm
214 1818 415 1883 venatoribus
430 1817 579 1896 exhiberi,
604 1820 648 1884 ita
665 1817 799 1903 quidem,
823 1821 859 1885 ut
881 1837 988 1884 omnes
1003 1820 1111 1901 poetas
1127 1815 1301 1882 venationis

120 1919 289 2002 imaginem
301 1923 374 1986 ante
386 1924 491 1988 oculos
508 1922 652 1988 habuisse
666 1923 754 1987 nobis
769 1923 960 1987 censendum
975 1921 1027 1988 sit.
1041 1921 1088 1986 sic
1099 1921 1137 1986 Il.
1149 1926 1167 1987 t
1179 1920 1243 1986 324
1255 1937 1301 2001 sq.

118 2023 283 2089 Diomedes
306 2026 339 2090 et
361 2025 467 2090 Ulixes
490 2045 560 2090 cum
583 2026 702 2091 duobus
725 2025 809 2109 apris
831 2026 865 2090 iu
889 2045 980 2091 canes
1005 2027 1163 2091 venaticos
1179 2026 1300 2089 irruen-

118 2124 204 2191 tibus
230 2126 440 2209 confernutur,
464 2128 503 2194 ll.
516 2151 535 2195 ν
549 2130 610 2195 471
624 2147 692 2212 sqq.
717 2129 902 2194 idomeneus
919 2147 991 2194 cum
1007 2146 1092 2211 apro,
1110 2126 1163 2209 qui
1179 2125 1302 2193 fortiter

118 2229 273 2313 impetum
296 2231 434 2296 virorum
457 2233 690 2299 advenientium
719 2232 851 2313 excipit,
882 2233 1014 2314 denique
1043 2233 1081 2296 Il.
1106 2235 1124 2296 λ
1146 2229 1211 2295 414
1233 2248 1299 2313 sqq.

117 2333 219 2398 Ulixis
242 2335 342 2400 virtus
366 2335 569 2401 Troianorum
584 2337 740 2418 impetum
755 2337 939 2400 sustinentis
955 2335 1064 2400 eadem
1080 2333 1147 2417 apri
1162 2333 1299 2416 imagine

116 2436 452 2522 illustratu1·,inquem
465 2457 500 2504 ex
508 2438 571 2503 alto
579 2439 726 2504 fruticeto
739 2439 944 2521 prodeuntem
956 2440 1124 2518 dentesque
1135 2423 1299 2502 acuentem

116 2541 254 2624 undique
279 2560 368 2608 canes
391 2546 425 2608 et
446 2543 572 2609 iuuenes
594 2543 747 2609 feruntur.
786 2543 958 2609 Homerum
981 2542 1147 2606 manifesto
1170 2541 1297 2606 secutus

115 2646 162 2709 est
185 2644 381 2728 Apollonius,
412 2647 525 2730 quippe
555 2648 607 2731 qui
629 2648 707 2729 Arg.
731 2646 781 2712 Ill
806 2645 889 2712 1350
918 2664 985 2728 sqq.
1024 2646 1166 2710 Iasonem
1191 2645 1294 2708 corta·

114 2748 209 2813 minis
243 2751 388 2832 cupidine
422 2751 559 2816 similem
592 2750 688 2816 fuisse
718 2754 824 2816 narret
848 2768 922 2832 apro
944 2752 1051 2816 dentes
1073 2749 1108 2813 in
1131 2749 1294 2813 venatores

115 2852 250 2919 acuenti.
273 2873 363 2938 porro
380 2854 537 2938 Vergilius
553 2856 725 2921 Homerum
742 2853 918 2920 aemulatus
937 2856 996 2934 est,
1020 2871 1091 2918 oum
1108 2851 1201 2916 huius
1216 2851 1297 2915 ima-

114 2957 196 3040 ginis
220 2958 338 3024 oolores
362 2959 394 3023 et
426 2959 546 3024 imitari
579 2957 734 3050 studuerit
769 2961 800 3022 et
834 2956 897 3023 alia
930 2958 1113 3021 ornamenta
1146 2952 1295 3019 adiecerit

115 3062 193 3126 Aen.
217 3063 247 3126 X
271 3062 332 3128 707
355 3081 433 3145 sqq,
456 3063 510 3127 ubi
533 3062 683 3128 Mezentii
705 3061 813 3134 virtus.
839 3079 900 3144 qna
920 3059 973 3126 hio
995 3058 1173 3142 impavidus
1195 3056 1298 3141 pluri-

113 3163 174 3230 bus
197 3165 319 3230 resistit
341 3165 500 3249 Troianis,
536 3167 604 3249 apri
626 3166 833 3231 similitudine
862 3165 1057 3239 illustratur,
1093 3161 1146 3245 qui
1170 3162 1296 3228 canibus

115 3268 152 3332 de
179 3268 252 3332 altis
276 3269 438 3334 montibus
461 3272 549 3335 actus
581 3270 614 3335 in
643 3270 723 3335 retia
749 3269 881 3351 illapsus
910 3267 1056 3333 subsistit
1086 3269 1117 3330 et
1151 3264 1297 3329 dentibus

115 3370 293 3436 infrendens
316 3371 422 3437 hastas
445 3374 568 3437 eminus
592 3372 703 3437 missas
728 3377 815 3458 tergo
839 3372 967 3438 decutit.
1003 3369 1131 3437 Ovidius
1162 3368 1295 3451 denique

115 3474 192 3538 Met.
215 3474 262 3539 IV
287 3475 348 3540 722
371 3495 416 3559 sq.
440 3476 548 3541 Persei
570 3494 707 3558 pugnam
731 3494 803 3541 oum
831 3476 928 3540 maris
957 3474 1051 3539 belua
1081 3470 1295 3554 compluribus

114 3577 378 3644 similitudinibus
407 3597 556 3645 exornans
586 3578 645 3645 hac
674 3598 796 3662 quoquo
826 3597 862 3643 en
890 3577 956 3660 apri
984 3569 1088 3641 ind'ole
1111 3575 1296 3658 deprompta

113 3681 250 3764 imagine
269 3682 380 3748 utitur.
403 3683 496 3748 belna
518 3683 601 3748 enim
632 3683 722 3766 gravi
754 3682 880 3747 vulnere
908 3680 992 3745 laesa
1021 3682 1110 3745 modo
1141 3697 1173 3742 se
1195 3677 1296 3742 subli-

113 3783 175 3847 mis
196 3782 230 3848 in
253 3803 344 3850 auras
367 3786 500 3852 attollit:

420 3904 500 3959 modo
517 3905 610 3960 subdit
628 3906 716 3974 aquis,
734 3905 812 3960 modo
830 3919 904 3958 more
915 3903 1020 3970 ferocis

319 3996 409 4045 verant
427 3991 500 4060 apri,
518 4007 596 4060 quem
613 3992 697 4047 torta
715 4007 815 4047 canam
832 3992 1003 4045 ascensoria
1020 3993 1113 4043 terret.

114 4112 246 4175 quocum
268 4095 335 4160 loco
357 4101 482 4180 praeter
504 4097 633 4162 Homeri
657 4097 810 4181 imagines
833 4114 926 4179 supra
940 4095 1114 4179 propositas
1130 4091 1292 4176 aptissime

114 4197 343 4280 comparabitur
365 4200 548 4279 similitudo,
573 4220 651 4284 quae
675 4203 758 4266 extat
780 4199 818 4266 Il.
836 4222 855 4279 μ
871 4199 911 4265 41
937 4218 982 4282 sq.
1006 4201 1123 4264 Hector
1145 4195 1227 4262 enim
1253 4196 1292 4262 ad

113 4320 205 4368 nares
228 4301 433 4368 Troianorum
455 4304 572 4370 turbini
595 4324 652 4387 par
673 4307 804 4387 pugnat:

318 4424 358 4487 ὼς
376 4424 401 4477 δ’
419 4426 461 4478 ὅτ’
480 4425 514 4478 ἂν
533 4426 564 4478 ἐν
583 4443 615 4480 τε
635 4427 749 4479 κύνεσσι
766 4428 813 4478 καὶ
831 4424 952 4491 ἀνδράσι
970 4425 1143 4492 θηρευτῇσιν

316 4510 433 4579 κάπριος
451 4511 484 4576 ἠὲ
502 4511 578 4566 λέων
598 4512 754 4579 στρέφεται
772 4512 867 4565 σθένεϊ
887 4508 1068 4576 βλεμεαίνων.

1173 4601 1188 4648 2
