3370 5134
841 536 1075 602 ..160-

364 720 466 786 altere
482 723 514 785 et
529 723 624 786 tertia
642 723 735 786 verbo
751 721 846 788 ‘talis’
860 721 1022 787 inducitur
1038 725 1132 804 atque
1155 725 1186 787 iu
1210 726 1304 790 tertia
1319 727 1454 809 imagine
1469 725 1545 792 illud

361 817 454 890 ‘talis'
473 823 520 889 vel
538 824 687 890 ultimum
711 825 811 889 locum
835 831 964 909 occupat
987 827 1168 908 pronomine
1193 825 1292 910 ‘quod’
1318 829 1539 911 subsequente.

468 928 563 992 Vides
586 928 650 994 iam
674 927 751 992 haec
774 933 959 1012 argumenta
979 931 1017 993 ad
1041 928 1103 994 alia
1126 948 1220 1013 eaque
1243 929 1344 994 multo
1365 932 1461 996 etiam
1477 951 1545 1016 gra-

364 1033 452 1098 viora
472 1032 636 1108 accedere,
673 1031 785 1114 quibus
809 1032 1029 1114 comprobatur
1051 1033 1145 1098 huius
1169 1032 1323 1114 epistulae
1347 1053 1453 1100 uersus
1477 1037 1545 1100 inde

364 1139 497 1204 atertio
521 1136 644 1200 decimo
667 1153 729 1199 nou
753 1138 792 1200 ab
816 1132 939 1206 Ouidio.
963 1140 1015 1202 sed
1039 1137 1078 1202 ab
1102 1137 1310 1202 versificatore
1327 1138 1462 1220 quodam
1477 1157 1544 1221 pro·

363 1242 460 1307 fectos
483 1259 559 1322 esse,
583 1243 619 1304 ut
641 1240 708 1303 iure
733 1239 856 1304 mireris
879 1258 977 1322 nuper
994 1239 1234 1326 Sedlmayerum
1255 1243 1288 1306 in
1306 1241 1544 1326 ‘Prolegomeuis

363 1347 480 1412 criticis
503 1348 542 1410 ad
565 1342 715 1410 Heroides
738 1337 919 1409 Ouidianas'
935 1364 965 1427 p.
983 1346 1025 1410 33
1041 1364 1107 1427 sqq.
1125 1363 1232 1411 eorum
1249 1346 1354 1429 partes
1370 1344 1545 1427 amplexum

364 1468 440 1530 esse,
465 1450 518 1533 qui
540 1447 622 1513 hanc
646 1449 800 1530 epistulae
824 1452 947 1529 partem
971 1449 1136 1532 genuinam
1161 1468 1226 1512 esse
1250 1454 1448 1513 censuerunt.

467 1554 534 1618 Hoc
556 1552 622 1617 loco
651 1552 898 1615 commemorabo
917 1645 923 1651 .
933 1552 1174 1616 similitudinem
1197 1549 1385 1617 Ouidianum
1407 1573 1423 1616 e
1449 1552 1547 1617 forma

362 1657 487 1725 fistulae
509 1655 651 1738 petItam,
677 1671 755 1737 quae
771 1675 807 1718 ex
822 1655 1039 1737 inaequalibus
1058 1655 1283 1722 harundinibus
1301 1656 1474 1738 composita
1489 1663 1545 1720 est.

362 1762 439 1828 Met.
474 1761 557 1826 euim
580 1761 601 1824 l.
628 1757 707 1822 VIII
730 1776 780 1822 ur.
810 1759 872 1824 189
895 1777 961 1841 sqq.
998 1763 1145 1823 narratur
1179 1761 1369 1837 Daedalum,
1405 1777 1478 1824 cum
1512 1780 1547 1823 eu

280 1925 291 1948 ,
364 1867 456 1932 Creta
479 1864 628 1948 aufugere
652 1862 881 1944 constituisset,
906 1861 968 1925 sibi
993 1865 1025 1926 et
1048 1862 1113 1927 filio
1137 1863 1225 1927 Icaro
1249 1861 1315 1928 alas
1339 1863 1545 1946 adaptavisse,

363 1969 476 2054 quibus
499 1969 535 2031 ut
558 1967 699 2033 volucres
722 1964 837 2030 Minois
862 1983 994 2047 regnum
1017 1966 1240 2047 relinquerent.
1272 1984 1334 2048 qua
1356 1968 1388 2030 in
1410 1985 1443 2030 re
1468 1968 1545 2032 Dae·

364 2073 430 2138 dati
453 2089 530 2154 opus
553 2068 592 2133 ab
616 2064 729 2131 Ouidio
752 2067 835 2131 huno
857 2068 889 2131 iu
913 2067 1045 2131 modum
1067 2067 1270 2132 describitur:

728 2228 734 2238 .
780 2225 786 2238 .
831 2225 839 2242 .
877 2203 943 2240 uum
956 2188 1040 2255 pouit
1057 2188 1089 2240 iu
1107 2186 1204 2241 ordiue
1219 2203 1336 2255 peuuue,

570 2291 588 2328 a
605 2275 721 2327 miciaco
738 2278 855 2342 coeptas,
874 2274 983 2344 touqum
1001 2274 1123 2328 breuiore
1140 2276 1272 2342 sequenti,

567 2367 599 2416 ut
617 2361 684 2415 cliuo
701 2361 815 2414 ereuieee
828 2366 920 2428 putes.
938 2361 976 2414 sie
994 2362 1097 2414 rustica
1116 2358 1257 2428 quoddam

569 2449 663 2515 deluto
681 2447 838 2515 disparibus
854 2447 992 2514 pauiutiue
1009 2447 1099 2516 suryit
1117 2447 1221 2500 aucuia.

363 2560 396 2624 at
419 2556 567 2623 Ovidium
589 2557 708 2619 eertum
731 2551 886 2635 quoddam
917 2552 1094 2633 exemplum
1116 2551 1173 2616 hae
1195 2550 1229 2613 in
1252 2551 1389 2632 Imagine
1411 2552 1544 2617 couscri-

363 2664 464 2729 benda
498 2661 686 2742 spectavisse
720 2657 805 2720 nullo
838 2658 928 2738 paeto
971 2655 1166 2737 comprobari
1199 2657 1315 2736 potest,
1357 2674 1543 2737 quamquam

363 2764 500 2848 proxime
523 2764 666 2828 adhunc
689 2761 792 2825 locum
816 2759 934 2824 accedit
957 2777 994 2824 ea
1017 2759 1193 2839 descriptio,
1229 2776 1307 2841 quae
1330 2761 1412 2841 apud
1436 2760 1543 2825 Tibul·

362 2870 429 2934 lum
452 2868 484 2931 II
508 2866 537 2945 5,
561 2867 603 2930 29
625 2883 691 2947 sqq.
715 2864 845 2945 legItur:

565 2968 756 3036 pendebatque
774 2967 837 3035 ucqi
851 2967 973 3033 postoris
991 2967 1024 3018 iu
1042 2966 1139 3018 arbore
1156 2970 1255 3027 uotum,

621 3053 737 3122 paruula
754 3053 875 3105 siluestri
892 3052 987 3117 fistulo
1004 3068 1085 3105 sacru
1104 3053 1160 3114 deo,

568 3140 670 3206 pistule,
690 3139 735 3192 eui
752 3153 859 3205 semper
877 3137 1006 3191 decrescit
1024 3137 1174 3190 oruudiuis
1192 3136 1274 3190 ordo:

620 3230 646 3278 et
664 3225 785 3278 cadamus
802 3239 866 3276 cero
883 3224 1008 3292 iueeqitur
1026 3221 1112 3290 usque
1129 3223 1228 3277 miuor.

363 3335 501 3398 ceterum
523 3331 605 3414 quod
628 3328 747 3410 legitur
770 3330 802 3390 in
828 3348 858 3392 v.
887 3327 947 3390 192
972 3326 1179 3409 disparibus,
1215 3328 1247 3391 in
1282 3329 1423 3393 mentem
1456 3329 1541 3395 uobis

362 3437 489 3502 revocat
508 3433 723 3517 Vergilianum
742 3431 797 3496 ‘est
812 3429 893 3494 mihi
909 3429 1084 3512 disparibus
1107 3431 1226 3512 septem
1250 3436 1411 3513 compacta
1426 3423 1542 3497 cicutis’

362 3539 585 3621 (1111Π36).

465 3643 533 3707 Iam
556 3661 574 3707 a
596 3641 721 3706 Tibullo
745 3645 783 3717 ad
800 3643 1027 3705 Paonunrwu
1050 3660 1099 3704 me
1116 3641 1273 3721 converto,
1291 3656 1384 3719 quem
1399 3637 1543 3704 Ovidium

362 3745 529 3829 permultis
552 3745 629 3810 locis
651 3744 813 3808 imitatum
846 3761 911 3804 esse
934 3742 1016 3806 iuter
1050 3762 1157 3807 omnes
1181 3746 1311 3807 constat.
1348 3761 1383 3806 ae
1406 3742 1540 3824 primum

362 3851 488 3934 quidem
510 3850 613 3914 locum
636 3848 790 3929 epistulae
813 3846 942 3928 quartae
965 3864 1014 3909 vv.
1039 3847 1078 3910 21
1104 3864 1169 3928 sqq.
1192 3845 1366 3928 proferam:

568 3969 666 4021 seilicet
684 3972 716 4020 ut
734 3973 841 4020 teucros
858 3964 974 4018 laedunt
991 3967 1056 4035 iupa
1072 3968 1165 4034 primo
1182 3966 1317 4027 iuoeueos,

619 4053 755 4122 freuuque
772 4055 821 4108 oiu
834 4055 946 4121 putetur
964 4053 997 4107 de
1014 4070 1092 4124 qreqe
1110 4058 1207 4120 coptus
1225 4067 1328 4119 equus:

567 4142 606 4195 sie
623 4140 694 4193 mole
711 4140 810 4208 ou'uque
827 4140 900 4193 subit
915 4141 1020 4206 primm
1038 4139 1107 4192 rude
1125 4144 1218 4205 peetus
1235 4152 1349 4202 amores,

620 4227 784 4293 surciuoque
801 4226 868 4279 duee
886 4226 978 4278 auimo
996 4241 1052 4278 uou
1069 4224 1142 4278 sedet
1160 4229 1228 4292 opta
1246 4239 1312 4277 uteo.

362 4334 416 4418 qui
439 4336 538 4413 locus,
574 4351 762 4415 quamquam
796 4331 944 4414 imaginiS
968 4349 986 4394 1
1009 4329 1082 4414 iugo
1117 4329 1235 4411 petitae
1269 4348 1362 4392 usum
1394 4328 1543 4394 latIssime

362 4442 468 4522 patere
492 4440 573 4518 apud
597 4455 702 4500 omnes
725 4439 831 4516 poetas
856 4437 887 4498 et
910 4436 1043 4502 Graecos
1067 4436 1099 4497 et
1123 4433 1250 4497 Latinos
1274 4431 1338 4496 iam
1354 4449 1449 4512 supra
1465 4431 1541 4495 vidi·

361 4560 440 4618 mus,
464 4543 571 4604 tamen
593 4539 639 4602 ita
661 4538 817 4618 conspirat
840 4556 911 4602 cum
933 4537 1075 4619 Propert.
1098 4535 1130 4598 II
1153 4537 1183 4612 4,
1208 4536 1228 4599 3
1251 4551 1317 4616 sqq.
1342 4535 1400 4600 Β..·
