3370 5134
513 449 851 574 ¹-rcass

247 696 369 781 Qnain
392 715 425 762 re
455 696 559 762 facere
593 714 653 761 non
687 713 830 779 possum,
865 699 940 778 quin
972 716 1008 762 65
1042 699 1101 764 tibi
1135 698 1328 764 tumentem

139 819 294 882 revocem,
318 819 397 884 quae
419 800 452 864 in
469 800 572 881 prima
586 799 819 864 dissertationis
834 803 925 882 parte
940 804 978 867 de
995 802 1185 886 imaginibus
1202 821 1218 867 e
1233 801 1328 867 maris

139 907 253 971 natura
275 905 384 990 petitis
408 903 649 987 disputavimus.
673 923 744 969 cum
768 907 852 969 enim
876 903 921 969 ibi
943 907 1171 972 ostenderimus
1193 906 1328 989 priorem

138 1009 246 1075 Ovidii
280 1010 453 1093 imaginem
487 1009 525 1072 de
549 1008 652 1092 pelagi
685 1007 777 1072 undis
811 1009 920 1089 procul
953 1009 1069 1076 auditis
1104 1030 1166 1075 non
1196 1015 1263 1074 tam
1286 1009 1327 1074 ad

138 1113 271 1179 Homeri
287 1112 511 1178 similitudines
528 1112 587 1176 huc
602 1113 778 1194 spectantes
791 1131 884 1193 quam
902 1115 940 1177 ad
954 1132 1022 1178 eam
1035 1113 1173 1178 Lucretii
1190 1113 1326 1194 descrip-

138 1219 269 1300 tionem,
304 1233 383 1299 quae
411 1216 504 1297 paulo
527 1218 597 1297 post
632 1215 734 1278 locum
757 1233 850 1297 supra
872 1222 1152 1279 commemoratum
1175 1215 1325 1299 sequitur,

138 1322 300 1402 pertinere
326 1321 377 1403 (cf.
402 1338 432 1386 v.
451 1320 512 1384 142
536 1338 618 1402 sqq.:

298 1449 301 1454 '
346 1445 412 1494 6551
430 1441 512 1494 ctiam
530 1440 632 1508 fluctus
647 1454 699 1506 per
716 1439 821 1502 555115,
841 1439 890 1507 qui
908 1439 988 1507 quasi
1004 1455 1132 1493 marenca·

349 1525 419 1594 (1551Ι
435 1527 468 1580 in
484 1526 639 1596 frangendo
655 1525 791 1594 gracilem
810 1524 883 1593 qaod
901 1526 966 1579 item
983 1526 1015 1593 fit
1032 1526 1064 1579 c'a
1082 1526 1147 1579 altis

346 1613 505 1680 flaminibus
522 1627 675 1682 magnoque
692 1614 771 1676 mari,
789 1628 851 1666 cam
866 1611 1012 1680 frangitur
1029 1615 1135 1678 566156),

137 1739 195 1801 per
217 1738 250 1783 se
273 1721 363 1802 patet
395 1736 491 1782 unam
524 1717 735 1782 imitationem
759 1718 861 1782 altera
883 1716 1006 1792 fulciri,
1042 1735 1113 1781 cum
1136 1717 1323 1798 praesertim

137 1824 171 1888 id
196 1841 318 1905 quoque
351 1823 486 1898 accedat,
521 1821 603 1903 quod
639 1828 770 1905 utraque
800 1820 966 1902 descriptio
988 1820 1173 1885 Lucretiana
1207 1819 1240 1883 in
1262 1837 1326 1884 una

137 1927 310 2007 cademque
333 1928 421 2007 parte
443 1925 519 1989 libri
542 1924 588 1990 VI
610 1926 705 2001 artat,
729 1929 765 1989 ut
788 1925 855 1989 iure
878 1924 1008 2008 colligas
1031 1925 1111 1988 hanc
1135 1924 1223 1988 illius
1247 1923 1325 1988 libri

137 2034 266 2112 partem
287 2029 446 2094 Nasonem
469 2029 594 2112 penitus
618 2029 770 2092 memoria
793 2029 937 2094 tenuisse.
989 2049 992 2054 ·

245 2132 417 2216 Singularis
440 2135 544 2214 imago
560 2130 718 2196 ovidiana
740 2132 839 2212 petita
862 2134 909 2196 est
933 2135 1064 2196 eternae
1082 2135 1178 2196 motu.
1195 2131 1229 2194 in
1245 2130 1324 2194 Met.

137 2239 202 2302 XII
224 2237 289 2302 515
311 2255 357 2318 sq.
382 2236 464 2300 enim
488 2232 618 2299 Ovidius
635 2233 746 2299 Caenei
769 2236 915 2319 impetus,
940 2236 992 2318 qui
1007 2235 1132 2300 arbores
1148 2255 1166 2300 5
1181 2234 1324 2316 Lapithis

138 2341 173 2405 in
196 2359 229 2404 se
251 2339 407 2404 immissas
431 2340 574 2405 excutere
595 2340 732 2422 temptat
755 2343 786 2402 et
809 2341 963 2403 incassum
987 2358 1054 2404 sese
1071 2341 1189 2423 erigere
1205 2338 1323 2416 studet,

139 2444 334 2525 comparavit
358 2462 428 2507 cum
451 2449 554 2506 terrae
577 2441 731 2507 molibus:

345 2562 536 2630 interdumque
553 2567 649 2624 meoet,
666 2561 759 2625 661511,
777 2577 859 2629 qoam
877 2561 1019 2624 cernimus,
1038 2577 1105 2628 cccc,

347 2648 441 2702 ardea
457 2649 482 2701 si
500 2654 593 2702 terrac
611 2648 756 2716 quatiatur
773 2647 890 2700 motibus
907 2646 966 2700 1616.

140 2754 179 2819 ad
199 2772 293 2836 quam
309 2754 479 2834 imaginem
503 2751 750 2833 componendam
773 2770 849 2815 num
864 2751 1001 2814 Lucretii
1018 2751 1085 2816 loco
1101 2751 1255 2814 excitatus
1271 2751 1323 2830 sit,

139 2857 194 2940 qui
217 2856 264 2922 VI
285 2857 349 2922 535
371 2873 438 2937 sqq.
463 2859 500 2920 (16
523 2857 622 2920 166656
638 2854 776 2920 motibus
796 2855 981 2935 disputavit,
998 2857 1153 2919 incertum
1168 2859 1225 2918 est.
1250 2874 1323 2919 nam

139 2977 331 3043 quamquam
347 2957 443 3023 verba
461 2957 569 3022 ‘terrae
580 2956 731 3022 motibus'
742 2958 865 3039 saepius
878 2961 957 3040 apud
970 2957 1151 3023 Lucretium
1165 2958 1322 3040 leguntur,

139 3063 239 3128 veluti
263 3062 403 3143 V1535,
428 3062 501 3140 589,
526 3061 553 3125 V
577 3063 648 3140 105,
673 3063 780 3126 tamen
803 3082 838 3126 66
861 3061 920 3126 1656
941 3081 975 3126 66
1000 3062 1080 3127 nihil
1097 3063 1133 3127 de
1149 3063 1324 3128 imitatione

138 3167 246 3251 colligi
267 3167 380 3249 potest.
982 3166 987 3176 '
1125 3163 1127 3168 '

243 3268 474 3335 Similitudines
496 3269 535 3332 ad
559 3269 642 3353 ignis
664 3268 731 3332 vim
752 3272 846 3350 atque
862 3273 1007 3334 naturam
1023 3270 1223 3350 pertinentes,
1247 3287 1325 3351 quas

140 3393 223 3440 nunc
248 3375 373 3456 quidem
396 3373 591 3438 tractaturus
614 3392 694 3451 sum,
718 3371 853 3438 Ovidius
876 3374 1027 3457 plurimas
1050 3374 1194 3439 adhibuit
1210 3391 1322 3455 easque

139 3480 227 3544 tanta
247 3477 400 3543 varietate
416 3481 510 3558 atque
526 3479 676 3554 ubertate,
695 3480 848 3559 quantam
864 3477 914 3541 vir
930 3477 962 3541 in
978 3477 1047 3542 aliis
1063 3477 1163 3558 poetis
1180 3475 1323 3558 reperies.

139 3585 225 3647 carte
247 3579 354 3644 ‘lusori
377 3575 529 3645 amorum'
555 3580 587 3644 in
611 3579 803 3645 carminibus
825 3582 876 3644 651
898 3581 1015 3644 multae
1045 3597 1113 3643 6666
1143 3578 1325 3644 6116166561

140 3686 317 3750 occasiones
341 3683 406 3749 vim
429 3683 462 3747 et
485 3682 718 3748 vehementiam
741 3684 856 3748 amoris
878 3683 972 3747 variis
988 3682 1180 3766 imaginibus
1197 3682 1235 3745 ab
1251 3681 1323 3764 igne

138 3785 335 3869 flammisque
347 3786 451 3852 ductis
463 3786 652 3853 illustrandi.
690 3804 823 3868 quarum
834 3787 1009 3869 imaginum
1025 3805 1118 3850 usum
1134 3802 1323 3867 quamquam

139 3910 199 3956 non
222 3908 242 3954 a
264 3889 409 3954 Lucretio
432 3889 541 3956 didicit
574 3891 744 3971 (numiam
769 3909 788 3955 5
811 3888 999 3954 Graecorum
1022 3889 1122 3972 poetis
1145 3887 1324 3971 saepissime

139 3992 257 4059 amoris
270 3992 316 4058 vis
330 4011 403 4060 cum
415 3993 487 4076 igne
510 3995 560 4059 vel
584 3992 712 4058 flamma
726 3995 948 4076 comparatur),
964 3994 1071 4057 tamen
1087 3992 1121 4056 in
1136 3991 1323 4074 quibusdam

139 4098 287 4161 ornatum
312 4097 344 4160 et
366 4095 501 4161 colorem
525 4115 561 4161 66
583 4097 641 4161 hoc
664 4097 843 4180 depromere
867 4113 927 4161 non
950 4095 1117 4161 dubitavit.

242 4217 291 4282 Ac
305 4217 404 4298 primo
420 4216 487 4281 loco
503 4235 555 4282 656
571 4236 730 4282 recensere
742 4216 829 4283 lubet
842 4216 1001 4299 imagines,
1016 4233 1093 4298 quae
1105 4217 1144 4281 ad
1157 4215 1322 4280 taedarum

67 4311 75 4326 '
139 4319 229 4404 ignes
245 4321 413 4403 pertinent.
429 4339 490 4404 qua
506 4321 537 4385 in
553 4340 586 4386 66
601 4339 771 4386 memorem
788 4339 856 4385 sese
870 4319 1030 4403 praestitit
1046 4317 1175 4384 Ovidius
1190 4320 1321 4383 duarum

141 4423 279 4490 Lucretii
313 4423 559 4510 descriptionum
593 4424 626 4488 in
660 4423 741 4489 libro
767 4423 811 4488 Vl
835 4442 901 4487 sese
924 4421 1159 4504 excipientium,
1188 4423 1325 4504 quaein

139 4545 176 4593 ea
197 4527 325 4610 quidem
358 4531 447 4612 parte
480 4528 575 4594 huius
609 4527 681 4592 libri
715 4528 838 4606 extant,
873 4544 934 4608 qua
962 4527 1064 4592 variae
1086 4543 1135 4590 res
1158 4524 1197 4591 ad
1222 4527 1324 4590 fontes
