<?xml version="1.0" encoding="UTF-8"?>
<!DOCTYPE html PUBLIC "-//W3C//DTD XHTML 1.0 Transitional//EN"
    "http://www.w3.org/TR/xhtml1/DTD/xhtml1-transitional.dtd">
<html xmlns="http://www.w3.org/1999/xhtml" xml:lang="en" lang="en">
 <head>
  <title>
</title>
<meta http-equiv="Content-Type" content="text/html;charset=utf-8" />
  <meta name='ocr-system' content='tesseract 3.04.00' />
  <meta name='ocr-capabilities' content='ocr_page ocr_carea ocr_par ocr_line ocrx_word'/>
</head>
<body>
  <div class='ocr_page' id='page_1' title='image "./desimilitudinib00washgoog_0046.png"; bbox 0 0 3366 5132; ppageno 0'>
   <div class='ocr_carea' id='block_1_1' title="bbox 616 536 830 600">
    <p class='ocr_par' dir='ltr' id='par_1_1' title="bbox 616 536 830 600">
     <span class='ocr_line' id='line_1_1' title="bbox 616 536 830 600; baseline -0.005 -18"><span class='ocrx_word' id='word_1_1' title='bbox 616 536 830 600; x_wconf 38' lang='lat'>*33-</span> 
     </span>
    </p>
   </div>
   <div class='ocr_carea' id='block_1_2' title="bbox 129 722 1311 808">
    <p class='ocr_par' dir='ltr' id='par_1_2' title="bbox 129 722 1311 808">
     <span class='ocr_line' id='line_1_2' title="bbox 129 722 1311 808; baseline 0.003 -22"><span class='ocrx_word' id='word_1_2' title='bbox 129 723 261 788; x_wconf 88' lang='lat' dir='ltr'><strong>ultimus</strong></span> <span class='ocrx_word' id='word_1_3' title='bbox 278 722 413 805; x_wconf 89' lang='lat' dir='ltr'><strong>denique</strong></span> <span class='ocrx_word' id='word_1_4' title='bbox 428 726 525 800; x_wconf 78' lang='lat' dir='ltr'><strong>loeus,</strong></span> <span class='ocrx_word' id='word_1_5' title='bbox 542 723 596 806; x_wconf 90' lang='lat' dir='ltr'><strong>qni</strong></span> <span class='ocrx_word' id='word_1_6' title='bbox 612 724 672 788; x_wconf 88' lang='lat' dir='ltr'><strong>huo</strong></span> <span class='ocrx_word' id='word_1_7' title='bbox 686 724 832 807; x_wconf 76' lang='lat' dir='ltr'><strong>pertinet,</strong></span> <span class='ocrx_word' id='word_1_8' title='bbox 846 725 997 807; x_wconf 88' lang='lat' dir='ltr'><strong>reperItnr</strong></span> <span class='ocrx_word' id='word_1_9' title='bbox 1013 743 1049 789; x_wconf 83' lang='lat' dir='ltr'><strong>ex</strong></span> <span class='ocrx_word' id='word_1_10' title='bbox 1066 725 1100 789; x_wconf 86' lang='lat' dir='ltr'><strong>P.</strong></span> <span class='ocrx_word' id='word_1_11' title='bbox 1117 724 1132 787; x_wconf 94' lang='lat' dir='ltr'>I</span> <span class='ocrx_word' id='word_1_12' title='bbox 1148 725 1177 804; x_wconf 86' lang='lat'><strong>1,</strong></span> <span class='ocrx_word' id='word_1_13' title='bbox 1193 725 1234 789; x_wconf 80' lang='grc'><strong>67</strong></span> <span class='ocrx_word' id='word_1_14' title='bbox 1251 744 1311 808; x_wconf 89' lang='lat' dir='ltr'><strong>sq.:</strong></span> 
     </span>
    </p>
   </div>
   <div class='ocr_carea' id='block_1_3' title="bbox 332 842 1036 998">
    <p class='ocr_par' dir='ltr' id='par_1_3' title="bbox 332 842 1036 998">
     <span class='ocr_line' id='line_1_3' title="bbox 332 842 1036 913; baseline 0.004 -18"><span class='ocrx_word' id='word_1_15' title='bbox 332 842 373 896; x_wconf 81' lang='lat' dir='ltr'><strong>nil</strong></span> <span class='ocrx_word' id='word_1_16' title='bbox 391 842 477 913; x_wconf 72' lang='lat' dir='ltr'><strong>igitur</strong></span> <span class='ocrx_word' id='word_1_17' title='bbox 495 843 603 912; x_wconf 78' lang='lat' dir='ltr'><strong>utrum,</strong></span> <span class='ocrx_word' id='word_1_18' title='bbox 622 845 646 898; x_wconf 80' lang='lat' dir='ltr'><strong>si</strong></span> <span class='ocrx_word' id='word_1_19' title='bbox 664 859 739 898; x_wconf 85' lang='lat' dir='ltr'><strong>meus</strong></span> <span class='ocrx_word' id='word_1_20' title='bbox 756 845 824 898; x_wconf 78' lang='lat' dir='ltr'><strong>raa&#39;lra&#39;</strong></span> <span class='ocrx_word' id='word_1_21' title='bbox 841 844 939 898; x_wconf 82' lang='lat' dir='ltr'><strong>tabida</strong></span> <span class='ocrx_word' id='word_1_22' title='bbox 956 844 1036 909; x_wconf 84' lang='lat' dir='ltr'><strong>foeta</strong></span> 
     </span>
     <span class='ocr_line' id='line_1_4' title="bbox 385 928 1008 998; baseline 0 -16"><span class='ocrx_word' id='word_1_23' title='bbox 385 928 419 982; x_wconf 85' lang='lat' dir='ltr'><strong>de</strong></span> <span class='ocrx_word' id='word_1_24' title='bbox 436 931 500 984; x_wconf 79' lang='lat' dir='ltr'><strong>uiue</strong></span> <span class='ocrx_word' id='word_1_25' title='bbox 517 931 660 984; x_wconf 80' lang='lat' dir='ltr'><strong>maneatis</strong></span> <span class='ocrx_word' id='word_1_26' title='bbox 676 945 750 984; x_wconf 84' lang='lat' dir='ltr'><strong>more</strong></span> <span class='ocrx_word' id='word_1_27' title='bbox 768 931 892 998; x_wconf 74' lang='lat' dir='ltr'><strong><em>liquescit</em></strong></span> <span class='ocrx_word' id='word_1_28' title='bbox 910 946 1008 998; x_wconf 78' lang='lat' dir='ltr'><strong>oquae.</strong></span> 
     </span>
    </p>
   </div>
   <div class='ocr_carea' id='block_1_4' title="bbox 121 1031 1309 1948">
    <p class='ocr_par' dir='ltr' id='par_1_4' title="bbox 121 1031 1309 1948">
     <span class='ocr_line' id='line_1_5' title="bbox 228 1031 1305 1118; baseline 0.007 -23"><span class='ocrx_word' id='word_1_29' title='bbox 228 1031 342 1098; x_wconf 82' lang='lat' dir='ltr'><strong>Altera</strong></span> <span class='ocrx_word' id='word_1_30' title='bbox 365 1033 464 1098; x_wconf 86' lang='lat' dir='ltr'><strong>forma</strong></span> <span class='ocrx_word' id='word_1_31' title='bbox 485 1034 635 1118; x_wconf 85' lang='lat' dir='ltr'><strong>imaginis</strong></span> <span class='ocrx_word' id='word_1_32' title='bbox 659 1037 697 1100; x_wconf 86' lang='lat' dir='ltr'><strong>ad</strong></span> <span class='ocrx_word' id='word_1_33' title='bbox 713 1036 819 1100; x_wconf 89' lang='lat' dir='ltr'><strong>nivem</strong></span> <span class='ocrx_word' id='word_1_34' title='bbox 835 1035 1020 1118; x_wconf 87' lang='lat' dir='ltr'><strong>pertinentis</strong></span> <span class='ocrx_word' id='word_1_35' title='bbox 1035 1053 1072 1099; x_wconf 90' lang='lat' dir='ltr'><strong>ea</strong></span> <span class='ocrx_word' id='word_1_36' title='bbox 1086 1039 1144 1114; x_wconf 88' lang='lat' dir='ltr'><strong>est,</strong></span> <span class='ocrx_word' id='word_1_37' title='bbox 1165 1039 1201 1101; x_wconf 92' lang='lat' dir='ltr'><strong>ut</strong></span> <span class='ocrx_word' id='word_1_38' title='bbox 1216 1037 1305 1103; x_wconf 88' lang='lat' dir='ltr'><strong>albus</strong></span> 
     </span>
     <span class='ocr_line' id='line_1_6' title="bbox 125 1134 1308 1222; baseline 0.004 -22"><span class='ocrx_word' id='word_1_39' title='bbox 125 1134 208 1200; x_wconf 91' lang='lat' dir='ltr'><strong>color</strong></span> <span class='ocrx_word' id='word_1_40' title='bbox 219 1139 259 1202; x_wconf 89' lang='lat' dir='ltr'><strong>ad</strong></span> <span class='ocrx_word' id='word_1_41' title='bbox 273 1136 503 1222; x_wconf 90' lang='lat' dir='ltr'><strong>depingendum</strong></span> <span class='ocrx_word' id='word_1_42' title='bbox 521 1139 716 1204; x_wconf 88' lang='lat' dir='ltr'><strong>adhiheatur.</strong></span> <span class='ocrx_word' id='word_1_43' title='bbox 733 1139 821 1205; x_wconf 90' lang='lat' dir='ltr'><strong>onius</strong></span> <span class='ocrx_word' id='word_1_44' title='bbox 839 1139 1056 1204; x_wconf 75' lang='lat' dir='ltr'><strong>translationis</strong></span> <span class='ocrx_word' id='word_1_45' title='bbox 1072 1158 1165 1204; x_wconf 90' lang='lat' dir='ltr'><strong>usum</strong></span> <span class='ocrx_word' id='word_1_46' title='bbox 1180 1159 1257 1206; x_wconf 91' lang='lat' dir='ltr'><strong>num</strong></span> <span class='ocrx_word' id='word_1_47' title='bbox 1272 1161 1308 1207; x_wconf 85' lang='lat' dir='ltr'><strong>ex</strong></span> 
     </span>
     <span class='ocr_line' id='line_1_7' title="bbox 123 1240 1309 1324; baseline 0.002 -19"><span class='ocrx_word' id='word_1_48' title='bbox 123 1241 259 1306; x_wconf 85' lang='lat' dir='ltr'><strong>Homero</strong></span> <span class='ocrx_word' id='word_1_49' title='bbox 282 1240 420 1306; x_wconf 84' lang='lat' dir='ltr'><strong>hauserit</strong></span> <span class='ocrx_word' id='word_1_50' title='bbox 442 1240 581 1321; x_wconf 85' lang='lat' dir='ltr'><strong>Ovidius,</strong></span> <span class='ocrx_word' id='word_1_51' title='bbox 605 1243 696 1324; x_wconf 93' lang='lat' dir='ltr'><strong>plano</strong></span> <span class='ocrx_word' id='word_1_52' title='bbox 718 1242 874 1308; x_wconf 89' lang='lat' dir='ltr'><strong>incertum</strong></span> <span class='ocrx_word' id='word_1_53' title='bbox 897 1247 954 1319; x_wconf 84' lang='lat' dir='ltr'><strong>est,</strong></span> <span class='ocrx_word' id='word_1_54' title='bbox 984 1262 1057 1308; x_wconf 85' lang='lat' dir='ltr'><strong>cum</strong></span> <span class='ocrx_word' id='word_1_55' title='bbox 1079 1245 1220 1310; x_wconf 91' lang='lat' dir='ltr'><strong>omnium</strong></span> <span class='ocrx_word' id='word_1_56' title='bbox 1243 1243 1309 1308; x_wconf 86' lang='lat' dir='ltr'><strong>iere</strong></span> 
     </span>
     <span class='ocr_line' id='line_1_8' title="bbox 124 1343 1305 1430; baseline 0.007 -24"><span class='ocrx_word' id='word_1_57' title='bbox 124 1343 266 1426; x_wconf 89' lang='lat' dir='ltr'><strong>gentium</strong></span> <span class='ocrx_word' id='word_1_58' title='bbox 292 1363 392 1410; x_wconf 89' lang='lat' dir='ltr'><strong>sermo</strong></span> <span class='ocrx_word' id='word_1_59' title='bbox 415 1345 535 1410; x_wconf 91' lang='lat' dir='ltr'><strong>similes</strong></span> <span class='ocrx_word' id='word_1_60' title='bbox 558 1346 610 1410; x_wconf 86' lang='lat' dir='ltr'><strong>rel</strong></span> <span class='ocrx_word' id='word_1_61' title='bbox 633 1349 754 1411; x_wconf 89' lang='lat' dir='ltr'><strong>easdem</strong></span> <span class='ocrx_word' id='word_1_62' title='bbox 776 1346 921 1428; x_wconf 89' lang='lat' dir='ltr'><strong>praebeat</strong></span> <span class='ocrx_word' id='word_1_63' title='bbox 943 1346 1105 1430; x_wconf 81' lang='lat' dir='ltr'><strong>imagines.</strong></span> <span class='ocrx_word' id='word_1_64' title='bbox 1129 1347 1219 1430; x_wconf 87' lang='lat' dir='ltr'><strong>atqui</strong></span> <span class='ocrx_word' id='word_1_65' title='bbox 1234 1367 1305 1414; x_wconf 88' lang='lat' dir='ltr'><strong>cum</strong></span> 
     </span>
     <span class='ocr_line' id='line_1_9' title="bbox 123 1445 1306 1534; baseline 0.005 -23"><span class='ocrx_word' id='word_1_66' title='bbox 123 1445 307 1531; x_wconf 85' lang='lat' dir='ltr'><strong>Zingerleus</strong></span> <span class='ocrx_word' id='word_1_67' title='bbox 344 1448 434 1514; x_wconf 87' lang='lat' dir='ltr'><strong>‘Ovid</strong></span> <span class='ocrx_word' id='word_1_68' title='bbox 469 1452 532 1515; x_wconf 92' lang='lat' dir='ltr'><strong>und</strong></span> <span class='ocrx_word' id='word_1_69' title='bbox 555 1453 620 1516; x_wconf 86' lang='lat' dir='ltr'><strong>sein</strong></span> <span class='ocrx_word' id='word_1_70' title='bbox 645 1451 839 1517; x_wconf 79' lang='lat' dir='ltr'><strong>Verhtltniss</strong></span> <span class='ocrx_word' id='word_1_71' title='bbox 872 1451 991 1515; x_wconf 84' lang='lat' dir='ltr'><strong>auden</strong></span> <span class='ocrx_word' id='word_1_72' title='bbox 1014 1451 1216 1534; x_wconf 77' lang='lat' dir='ltr'><strong>Vorgtngeru</strong></span> <span class='ocrx_word' id='word_1_73' title='bbox 1244 1455 1306 1517; x_wconf 92' lang='lat' dir='ltr'><strong>und</strong></span> 
     </span>
     <span class='ocr_line' id='line_1_10' title="bbox 121 1551 1307 1637; baseline 0.003 -23"><span class='ocrx_word' id='word_1_74' title='bbox 121 1551 360 1637; x_wconf 77' lang='lat' dir='ltr'><strong>gleichzeitigen</strong></span> <span class='ocrx_word' id='word_1_75' title='bbox 377 1553 726 1620; x_wconf 80' lang='lat' dir='ltr'><strong>romischenDichtern’</strong></span> <span class='ocrx_word' id='word_1_76' title='bbox 742 1555 816 1618; x_wconf 83' lang='lat'><strong>154</strong></span> <span class='ocrx_word' id='word_1_77' title='bbox 832 1555 911 1620; x_wconf 88' lang='lat' dir='ltr'><strong>hano</strong></span> <span class='ocrx_word' id='word_1_78' title='bbox 928 1572 1047 1636; x_wconf 90' lang='lat' dir='ltr'><strong>quoqne</strong></span> <span class='ocrx_word' id='word_1_79' title='bbox 1069 1573 1136 1618; x_wconf 87' lang='lat' dir='ltr'><strong>rem</strong></span> <span class='ocrx_word' id='word_1_80' title='bbox 1159 1553 1307 1636; x_wconf 84' lang='lat' dir='ltr'><strong>tetigerit,</strong></span> 
     </span>
     <span class='ocr_line' id='line_1_11' title="bbox 122 1655 1305 1741; baseline 0.003 -23"><span class='ocrx_word' id='word_1_81' title='bbox 122 1655 293 1736; x_wconf 91' lang='lat' dir='ltr'><strong>neminem,</strong></span> <span class='ocrx_word' id='word_1_82' title='bbox 317 1660 403 1738; x_wconf 83' lang='lat' dir='ltr'><strong>puto,</strong></span> <span class='ocrx_word' id='word_1_83' title='bbox 427 1657 571 1740; x_wconf 90' lang='lat' dir='ltr'><strong>iniquum</strong></span> <span class='ocrx_word' id='word_1_84' title='bbox 586 1657 717 1738; x_wconf 86' lang='lat' dir='ltr'><strong>habebo,</strong></span> <span class='ocrx_word' id='word_1_85' title='bbox 734 1660 761 1721; x_wconf 90' lang='lat' dir='ltr'><strong>si</strong></span> <span class='ocrx_word' id='word_1_86' title='bbox 778 1678 844 1723; x_wconf 87' lang='lat' dir='ltr'><strong>eam</strong></span> <span class='ocrx_word' id='word_1_87' title='bbox 862 1657 999 1723; x_wconf 86' lang='lat' dir='ltr'><strong>hocloco</strong></span> <span class='ocrx_word' id='word_1_88' title='bbox 1016 1676 1108 1741; x_wconf 88' lang='lat' dir='ltr'><strong>quarn</strong></span> <span class='ocrx_word' id='word_1_89' title='bbox 1124 1657 1305 1722; x_wconf 84' lang='lat' dir='ltr'><strong>brevissime</strong></span> 
     </span>
     <span class='ocr_line' id='line_1_12' title="bbox 121 1760 1308 1838; baseline 0.003 -16"><span class='ocrx_word' id='word_1_90' title='bbox 121 1760 342 1838; x_wconf 86' lang='lat' dir='ltr'><strong>perstrinxero.</strong></span> <span class='ocrx_word' id='word_1_91' title='bbox 355 1760 419 1826; x_wconf 89' lang='lat' dir='ltr'><strong>iam</strong></span> <span class='ocrx_word' id='word_1_92' title='bbox 427 1763 582 1827; x_wconf 88' lang='lat' dir='ltr'><strong>Homerus</strong></span> <span class='ocrx_word' id='word_1_93' title='bbox 595 1761 793 1828; x_wconf 86' lang='lat' dir='ltr'><strong>enimalhum</strong></span> <span class='ocrx_word' id='word_1_94' title='bbox 806 1762 888 1827; x_wconf 84' lang='lat' dir='ltr'><strong>nivis</strong></span> <span class='ocrx_word' id='word_1_95' title='bbox 901 1760 1077 1826; x_wconf 90' lang='lat' dir='ltr'><strong>coloremin</strong></span> <span class='ocrx_word' id='word_1_96' title='bbox 1089 1760 1308 1826; x_wconf 86' lang='lat' dir='ltr'><strong>similitudinis</strong></span> 
     </span>
     <span class='ocr_line' id='line_1_13' title="bbox 123 1864 1305 1948; baseline 0.003 -23"><span class='ocrx_word' id='word_1_97' title='bbox 123 1881 213 1926; x_wconf 89' lang='lat' dir='ltr'><strong>usum</strong></span> <span class='ocrx_word' id='word_1_98' title='bbox 237 1864 403 1928; x_wconf 83' lang='lat' dir='ltr'><strong>arcessivit</strong></span> <span class='ocrx_word' id='word_1_99' title='bbox 425 1866 498 1931; x_wconf 77' lang='lat' dir='ltr'><strong>liu</strong></span> <span class='ocrx_word' id='word_1_100' title='bbox 519 1864 583 1929; x_wconf 87' lang='grc'><strong>436</strong></span> <span class='ocrx_word' id='word_1_101' title='bbox 605 1883 660 1947; x_wconf 71' lang='grc' dir='ltr'>ιιι,</span> <span class='ocrx_word' id='word_1_102' title='bbox 685 1865 739 1931; x_wconf 91' lang='lat' dir='ltr'><strong>ubi</strong></span> <span class='ocrx_word' id='word_1_103' title='bbox 760 1867 842 1948; x_wconf 90' lang='lat' dir='ltr'><strong>regis</strong></span> <span class='ocrx_word' id='word_1_104' title='bbox 858 1865 955 1930; x_wconf 84' lang='lat' dir='ltr'><strong>Rhesi</strong></span> <span class='ocrx_word' id='word_1_105' title='bbox 977 1866 1047 1948; x_wconf 88' lang='lat' dir='ltr'><strong>equi</strong></span> <span class='ocrx_word' id='word_1_106' title='bbox 1070 1865 1305 1930; x_wconf 88' lang='lat' dir='ltr'><strong>describuntur:</strong></span> 
     </span>
    </p>
   </div>
   <div class='ocr_carea' id='block_1_5' title="bbox 325 1985 1078 2140">
    <p class='ocr_par' dir='ltr' id='par_1_5' title="bbox 325 1985 1078 2140">
     <span class='ocr_line' id='line_1_14' title="bbox 327 1985 1078 2052; baseline 0.004 -15"><span class='ocrx_word' id='word_1_107' title='bbox 327 1989 379 2038; x_wconf 85' lang='grc' dir='ltr'><strong>τοῦ</strong></span> <span class='ocrx_word' id='word_1_108' title='bbox 400 1987 434 2051; x_wconf 85' lang='grc' dir='ltr'><strong>δὴ</strong></span> <span class='ocrx_word' id='word_1_109' title='bbox 454 1986 622 2050; x_wconf 82' lang='grc' dir='ltr'>καλλίστους</span> <span class='ocrx_word' id='word_1_110' title='bbox 639 1987 742 2049; x_wconf 77' lang='grc' dir='ltr'>ἵππους</span> <span class='ocrx_word' id='word_1_111' title='bbox 761 1987 826 2040; x_wconf 79' lang='grc' dir='ltr'>ἴδον</span> <span class='ocrx_word' id='word_1_112' title='bbox 843 1987 895 2052; x_wconf 83' lang='grc' dir='ltr'><strong>ἠδὲ</strong></span> <span class='ocrx_word' id='word_1_113' title='bbox 915 1985 1078 2052; x_wconf 85' lang='grc' dir='ltr'>μεγίστους·</span> 
     </span>
     <span class='ocr_line' id='line_1_15' title="bbox 325 2071 1049 2140; baseline 0.001 -16"><span class='ocrx_word' id='word_1_114' title='bbox 325 2071 490 2140; x_wconf 82' lang='grc' dir='ltr'>λευκότεροι</span> <span class='ocrx_word' id='word_1_115' title='bbox 508 2073 610 2139; x_wconf 88' lang='grc' dir='ltr'>χιόνος,</span> <span class='ocrx_word' id='word_1_116' title='bbox 631 2071 716 2126; x_wconf 79' lang='grc' dir='ltr'>θείειν</span> <span class='ocrx_word' id='word_1_117' title='bbox 735 2073 759 2124; x_wconf 83' lang='grc' dir='ltr'><strong>δ’</strong></span> <span class='ocrx_word' id='word_1_118' title='bbox 779 2072 928 2137; x_wconf 85' lang='grc' dir='ltr'>ἀνέμοισιν</span> <span class='ocrx_word' id='word_1_119' title='bbox 945 2075 1049 2138; x_wconf 78' lang='grc' dir='ltr'>ὁμοῖοι.</span> 
     </span>
    </p>
   </div>
   <div class='ocr_carea' id='block_1_6' title="bbox 122 2141 1300 2363">
    <p class='ocr_par' dir='ltr' id='par_1_6' title="bbox 122 2141 1300 2363">
     <span class='ocr_line' id='line_1_16' title="bbox 122 2141 1300 2260; baseline 0.001 -21"><span class='ocrx_word' id='word_1_120' title='bbox 122 2194 213 2257; x_wconf 89' lang='lat' dir='ltr'><strong>quem</strong></span> <span class='ocrx_word' id='word_1_121' title='bbox 236 2178 275 2241; x_wconf 86' lang='lat' dir='ltr'><strong>ad</strong></span> <span class='ocrx_word' id='word_1_122' title='bbox 297 2176 401 2241; x_wconf 91' lang='lat' dir='ltr'><strong>locum</strong></span> <span class='ocrx_word' id='word_1_123' title='bbox 424 2177 474 2242; x_wconf 88' lang='lat' dir='ltr'><strong>vel</strong></span> <span class='ocrx_word' id='word_1_124' title='bbox 497 2177 635 2260; x_wconf 84' lang='lat' dir='ltr'><strong>proxime</strong></span> <span class='ocrx_word' id='word_1_125' title='bbox 659 2178 779 2242; x_wconf 88' lang='lat' dir='ltr'><strong>accedit</strong></span> <span class='ocrx_word' id='word_1_126' title='bbox 795 2176 901 2242; x_wconf 86' lang='lat' dir='ltr'><strong>Ovidii</strong></span> <span class='ocrx_word' id='word_1_127' title='bbox 924 2177 1087 2260; x_wconf 79' lang='lat' dir='ltr'><strong>descriptio</strong></span> <span class='ocrx_word' id='word_1_128' title='bbox 1110 2179 1147 2243; x_wconf 88' lang='lat' dir='ltr'><strong>de</strong></span> <span class='ocrx_word' id='word_1_129' title='bbox 1170 2141 1300 2242; x_wconf 67' lang='lat' dir='ltr'><strong>Cestore</strong></span> 
     </span>
     <span class='ocr_line' id='line_1_17' title="bbox 122 2277 707 2363; baseline 0.007 -21"><span class='ocrx_word' id='word_1_130' title='bbox 122 2283 152 2342; x_wconf 94' lang='lat' dir='ltr'><strong>et</strong></span> <span class='ocrx_word' id='word_1_131' title='bbox 177 2278 307 2344; x_wconf 91' lang='lat' dir='ltr'><strong>Polluce</strong></span> <span class='ocrx_word' id='word_1_132' title='bbox 329 2277 407 2344; x_wconf 88' lang='lat' dir='ltr'><strong>Met.</strong></span> <span class='ocrx_word' id='word_1_133' title='bbox 431 2279 512 2343; x_wconf 90' lang='lat' dir='ltr'>VIII</span> <span class='ocrx_word' id='word_1_134' title='bbox 535 2281 599 2345; x_wconf 81' lang='lat'><strong>372</strong></span> <span class='ocrx_word' id='word_1_135' title='bbox 624 2300 707 2363; x_wconf 87' lang='lat' dir='ltr'><strong>sqq.:</strong></span> 
     </span>
    </p>
   </div>
   <div class='ocr_carea' id='block_1_7' title="bbox 304 2393 1254 2642">
    <p class='ocr_par' dir='ltr' id='par_1_7' title="bbox 304 2393 1254 2642">
     <span class='ocr_line' id='line_1_18' title="bbox 304 2393 1254 2469; baseline 0.001 -17"><span class='ocrx_word' id='word_1_136' title='bbox 304 2393 305 2396; x_wconf 60' lang='grc'>’</span> <span class='ocrx_word' id='word_1_137' title='bbox 325 2404 355 2452; x_wconf 87' lang='lat' dir='ltr'><strong>ct</strong></span> <span class='ocrx_word' id='word_1_138' title='bbox 372 2400 482 2469; x_wconf 78' lang='lat' dir='ltr'><strong>pernici,</strong></span> <span class='ocrx_word' id='word_1_139' title='bbox 501 2398 627 2454; x_wconf 79' lang='lat' dir='ltr'><strong>noudum</strong></span> <span class='ocrx_word' id='word_1_140' title='bbox 644 2401 773 2454; x_wconf 83' lang='lat' dir='ltr'><strong>coelestio</strong></span> <span class='ocrx_word' id='word_1_141' title='bbox 790 2401 890 2466; x_wconf 66' lang='lat' dir='ltr'><strong>sideru</strong></span> <span class='ocrx_word' id='word_1_142' title='bbox 908 2401 1018 2467; x_wconf 82' lang='lat' dir='ltr'><strong>fratres,</strong></span> <span class='ocrx_word' id='word_1_143' title='bbox 1107 2461 1108 2464; x_wconf 8' lang='grc' dir='ltr'><strong>Ἴ</strong></span> <span class='ocrx_word' id='word_1_144' title='bbox 1222 2411 1225 2418; x_wconf 69' lang='grc'><strong>“</strong></span> <span class='ocrx_word' id='word_1_145' title='bbox 1251 2411 1254 2418; x_wconf 89' lang='grc'><strong><em>·</em></strong></span> 
     </span>
     <span class='ocr_line' id='line_1_19' title="bbox 325 2485 1011 2556; baseline 0.004 -18"><span class='ocrx_word' id='word_1_146' title='bbox 325 2485 402 2539; x_wconf 85' lang='lat' dir='ltr'><strong>ambo</strong></span> <span class='ocrx_word' id='word_1_147' title='bbox 421 2487 571 2556; x_wconf 73' lang='lat' dir='ltr'><strong>conspicui,</strong></span> <span class='ocrx_word' id='word_1_148' title='bbox 590 2487 651 2542; x_wconf 79' lang='lat' dir='ltr'><strong>uice</strong></span> <span class='ocrx_word' id='word_1_149' title='bbox 669 2487 972 2542; x_wconf 74' lang='lat' dir='ltr'><strong>caudidIore&#39;tosumlro</strong></span> <span class='ocrx_word' id='word_1_150' title='bbox 1009 2497 1011 2502; x_wconf 85' lang='lat'>&#39;</span> 
     </span>
     <span class='ocr_line' id='line_1_20' title="bbox 325 2573 712 2642; baseline 0 -16"><span class='ocrx_word' id='word_1_151' title='bbox 325 2573 508 2627; x_wconf 81' lang='lat' dir='ltr'><strong>occluduntur</strong></span> <span class='ocrx_word' id='word_1_152' title='bbox 527 2574 612 2642; x_wconf 76' lang='lat' dir='ltr'><strong>spots.</strong></span> <span class='ocrx_word' id='word_1_153' title='bbox 636 2612 642 2624; x_wconf 91' lang='lat'>.</span> <span class='ocrx_word' id='word_1_154' title='bbox 670 2613 677 2625; x_wconf 89' lang='lat'>.</span> <span class='ocrx_word' id='word_1_155' title='bbox 705 2613 712 2626; x_wconf 94' lang='lat'><strong>.</strong></span> 
     </span>
    </p>
   </div>
   <div class='ocr_carea' id='block_1_8' title="bbox 111 2675 1324 4524">
    <p class='ocr_par' dir='ltr' id='par_1_8' title="bbox 121 2675 1324 2967">
     <span class='ocr_line' id='line_1_21' title="bbox 219 2675 1324 2758; baseline 0.004 -18"><span class='ocrx_word' id='word_1_156' title='bbox 219 2675 338 2742; x_wconf 89' lang='lat' dir='ltr'><strong>Deinde</strong></span> <span class='ocrx_word' id='word_1_157' title='bbox 367 2681 491 2758; x_wconf 89' lang='lat' dir='ltr'><strong>praeter</strong></span> <span class='ocrx_word' id='word_1_158' title='bbox 514 2678 631 2745; x_wconf 85' lang='lat' dir='ltr'><strong>Catulli</strong></span> <span class='ocrx_word' id='word_1_159' title='bbox 653 2679 769 2745; x_wconf 83' lang='lat' dir='ltr'>LXXX</span> <span class='ocrx_word' id='word_1_160' title='bbox 791 2681 811 2744; x_wconf 78' lang='lat'>2</span> <span class='ocrx_word' id='word_1_161' title='bbox 841 2681 873 2744; x_wconf 90' lang='lat' dir='ltr'><strong>et</strong></span> <span class='ocrx_word' id='word_1_162' title='bbox 896 2679 1001 2746; x_wconf 85' lang='lat' dir='ltr'><strong>Ovidii</strong></span> <span class='ocrx_word' id='word_1_163' title='bbox 1030 2698 1066 2744; x_wconf 81' lang='lat' dir='ltr'><strong>ex</strong></span> <span class='ocrx_word' id='word_1_164' title='bbox 1088 2679 1123 2743; x_wconf 93' lang='lat' dir='ltr'><strong>P.</strong></span> <span class='ocrx_word' id='word_1_165' title='bbox 1147 2677 1233 2758; x_wconf 84' lang='lat'>115,</span> <span class='ocrx_word' id='word_1_166' title='bbox 1257 2679 1299 2744; x_wconf 89' lang='lat'><strong>38</strong></span> <span class='ocrx_word' id='word_1_167' title='bbox 1322 2704 1324 2712; x_wconf 94' lang='lat'>·</span> 
     </span>
     <span class='ocr_line' id='line_1_22' title="bbox 121 2779 1299 2873; baseline 0.005 -31"><span class='ocrx_word' id='word_1_168' title='bbox 121 2779 213 2860; x_wconf 75' lang='lat' dir='ltr'><strong>loom,</strong></span> <span class='ocrx_word' id='word_1_169' title='bbox 255 2799 331 2862; x_wconf 88' lang='lat' dir='ltr'><strong>quos</strong></span> <span class='ocrx_word' id='word_1_170' title='bbox 371 2783 450 2873; x_wconf 24' lang='lat' dir='ltr'><strong>iam·</strong></span> <span class='ocrx_word' id='word_1_171' title='bbox 474 2781 656 2866; x_wconf 88' lang='lat' dir='ltr'><strong>Zingerleus</strong></span> <span class='ocrx_word' id='word_1_172' title='bbox 697 2783 820 2860; x_wconf 86' lang='lat' dir='ltr'><strong>attulit,</strong></span> <span class='ocrx_word' id='word_1_173' title='bbox 865 2783 1028 2848; x_wconf 90' lang='lat' dir='ltr'><strong>adnotasse</strong></span> <span class='ocrx_word' id='word_1_174' title='bbox 1067 2784 1143 2846; x_wconf 88' lang='lat' dir='ltr'><strong>satis</strong></span> <span class='ocrx_word' id='word_1_175' title='bbox 1183 2782 1299 2848; x_wconf 91' lang='lat' dir='ltr'><strong>habeo:</strong></span> 
     </span>
     <span class='ocr_line' id='line_1_23' title="bbox 121 2884 1141 2967; baseline 0.002 -21"><span class='ocrx_word' id='word_1_176' title='bbox 121 2884 206 2965; x_wconf 88' lang='lat' dir='ltr'><strong>epist.</strong></span> <span class='ocrx_word' id='word_1_177' title='bbox 229 2885 289 2950; x_wconf 93' lang='lat' dir='ltr'><strong>XV</strong></span> <span class='ocrx_word' id='word_1_178' title='bbox 312 2885 392 2967; x_wconf 80' lang='lat'><strong>249;</strong></span> <span class='ocrx_word' id='word_1_179' title='bbox 415 2889 487 2954; x_wconf 87' lang='lat' dir='ltr'><strong>Am.</strong></span> <span class='ocrx_word' id='word_1_180' title='bbox 511 2885 615 2962; x_wconf 84' lang='lat'>1115,</span> <span class='ocrx_word' id='word_1_181' title='bbox 641 2888 697 2964; x_wconf 91' lang='grc'><strong>11;</strong></span> <span class='ocrx_word' id='word_1_182' title='bbox 721 2887 772 2951; x_wconf 92' lang='lat' dir='ltr'><strong>III</strong></span> <span class='ocrx_word' id='word_1_183' title='bbox 796 2887 824 2965; x_wconf 84' lang='grc'><strong>7,</strong></span> <span class='ocrx_word' id='word_1_184' title='bbox 849 2887 883 2962; x_wconf 90' lang='grc'><strong>8;</strong></span> <span class='ocrx_word' id='word_1_185' title='bbox 909 2887 985 2950; x_wconf 89' lang='lat' dir='ltr'><strong>Met.</strong></span> <span class='ocrx_word' id='word_1_186' title='bbox 1010 2885 1044 2949; x_wconf 94' lang='lat' dir='ltr'><strong>II</strong></span> <span class='ocrx_word' id='word_1_187' title='bbox 1068 2885 1141 2950; x_wconf 76' lang='lat'><strong>852.</strong></span> 
     </span>
    </p>

    <p class='ocr_par' dir='ltr' id='par_1_9' title="bbox 114 2987 1324 3990">
     <span class='ocr_line' id='line_1_24' title="bbox 217 2987 1296 3073; baseline -0.002 -21"><span class='ocrx_word' id='word_1_188' title='bbox 217 2989 286 3054; x_wconf 91' lang='lat' dir='ltr'><strong>Iam</strong></span> <span class='ocrx_word' id='word_1_189' title='bbox 320 3007 391 3053; x_wconf 86' lang='lat' dir='ltr'><strong>vero</strong></span> <span class='ocrx_word' id='word_1_190' title='bbox 420 3009 493 3054; x_wconf 90' lang='lat' dir='ltr'><strong>oum</strong></span> <span class='ocrx_word' id='word_1_191' title='bbox 525 2991 559 3055; x_wconf 93' lang='lat' dir='ltr'><strong>in</strong></span> <span class='ocrx_word' id='word_1_192' title='bbox 598 2991 727 3055; x_wconf 89' lang='lat' dir='ltr'><strong>Homeri</strong></span> <span class='ocrx_word' id='word_1_193' title='bbox 760 2991 916 3067; x_wconf 83' lang='lat' dir='ltr'><strong>versibus,</strong></span> <span class='ocrx_word' id='word_1_194' title='bbox 950 2990 1062 3073; x_wconf 89' lang='lat' dir='ltr'><strong>quibus</strong></span> <span class='ocrx_word' id='word_1_195' title='bbox 1095 2989 1191 3054; x_wconf 88' lang='lat' dir='ltr'><strong>Rhesi</strong></span> <span class='ocrx_word' id='word_1_196' title='bbox 1226 2987 1296 3070; x_wconf 88' lang='lat' dir='ltr'><strong>equi</strong></span> 
     </span>
     <span class='ocr_line' id='line_1_25' title="bbox 120 3090 1298 3176; baseline -0.001 -21"><span class='ocrx_word' id='word_1_197' title='bbox 120 3091 294 3171; x_wconf 87' lang='lat' dir='ltr'><strong>laudantur,</strong></span> <span class='ocrx_word' id='word_1_198' title='bbox 318 3096 480 3158; x_wconf 88' lang='lat' dir='ltr'><strong>ventorum</strong></span> <span class='ocrx_word' id='word_1_199' title='bbox 502 3095 621 3158; x_wconf 90' lang='lat' dir='ltr'><strong>mentio</strong></span> <span class='ocrx_word' id='word_1_200' title='bbox 643 3093 700 3159; x_wconf 87' lang='lat' dir='ltr'><strong>fiat</strong></span> <span class='ocrx_word' id='word_1_201' title='bbox 723 3095 763 3159; x_wconf 87' lang='lat' dir='ltr'><strong>ad</strong></span> <span class='ocrx_word' id='word_1_202' title='bbox 786 3094 976 3160; x_wconf 83' lang='lat' dir='ltr'><strong>celeritatem</strong></span> <span class='ocrx_word' id='word_1_203' title='bbox 992 3091 1238 3176; x_wconf 85' lang='lat' dir='ltr'><strong>significandam,</strong></span> <span class='ocrx_word' id='word_1_204' title='bbox 1262 3090 1298 3155; x_wconf 94' lang='lat' dir='ltr'><strong>de</strong></span> 
     </span>
     <span class='ocr_line' id='line_1_26' title="bbox 118 3193 1294 3280; baseline 0 -23"><span class='ocrx_word' id='word_1_205' title='bbox 118 3193 304 3278; x_wconf 90' lang='lat' dir='ltr'><strong>imaginihus</strong></span> <span class='ocrx_word' id='word_1_206' title='bbox 316 3214 334 3259; x_wconf 85' lang='lat' dir='ltr'><strong>a</strong></span> <span class='ocrx_word' id='word_1_207' title='bbox 344 3195 449 3262; x_wconf 87' lang='lat' dir='ltr'><strong>ventis</strong></span> <span class='ocrx_word' id='word_1_208' title='bbox 461 3197 676 3279; x_wconf 88' lang='lat' dir='ltr'><strong>petitispauoa</strong></span> <span class='ocrx_word' id='word_1_209' title='bbox 687 3199 891 3280; x_wconf 89' lang='lat' dir='ltr'><strong>disputemus.</strong></span> <span class='ocrx_word' id='word_1_210' title='bbox 904 3215 982 3279; x_wconf 89' lang='lat' dir='ltr'><strong>qnae</strong></span> <span class='ocrx_word' id='word_1_211' title='bbox 994 3195 1215 3260; x_wconf 85' lang='lat' dir='ltr'><strong>translationes</strong></span> <span class='ocrx_word' id='word_1_212' title='bbox 1228 3199 1294 3258; x_wconf 85' lang='lat' dir='ltr'><strong>tam</strong></span> 
     </span>
     <span class='ocr_line' id='line_1_27' title="bbox 118 3298 1324 3385; baseline 0 -25"><span class='ocrx_word' id='word_1_213' title='bbox 118 3298 293 3382; x_wconf 82' lang='lat' dir='ltr'><strong>frequentes</strong></span> <span class='ocrx_word' id='word_1_214' title='bbox 316 3303 391 3365; x_wconf 90' lang='lat' dir='ltr'><strong>sunt</strong></span> <span class='ocrx_word' id='word_1_215' title='bbox 413 3303 599 3383; x_wconf 89' lang='lat' dir='ltr'><strong>tantumque</strong></span> <span class='ocrx_word' id='word_1_216' title='bbox 622 3303 660 3366; x_wconf 88' lang='lat' dir='ltr'><strong>ad</strong></span> <span class='ocrx_word' id='word_1_217' title='bbox 683 3320 781 3385; x_wconf 89' lang='lat' dir='ltr'><strong>genus</strong></span> <span class='ocrx_word' id='word_1_218' title='bbox 797 3300 944 3366; x_wconf 89' lang='lat' dir='ltr'><strong>cotidiani</strong></span> <span class='ocrx_word' id='word_1_219' title='bbox 960 3299 1111 3364; x_wconf 87' lang='lat' dir='ltr'><strong>sermonis</strong></span> <span class='ocrx_word' id='word_1_220' title='bbox 1127 3299 1289 3379; x_wconf 87' lang='lat' dir='ltr'><strong>accedunt,</strong></span> <span class='ocrx_word' id='word_1_221' title='bbox 1322 3315 1324 3332; x_wconf 63' lang='lat'>³</span> 
     </span>
     <span class='ocr_line' id='line_1_28' title="bbox 116 3403 1295 3488; baseline 0.002 -23"><span class='ocrx_word' id='word_1_222' title='bbox 116 3406 150 3466; x_wconf 91' lang='lat' dir='ltr'><strong>ut</strong></span> <span class='ocrx_word' id='word_1_223' title='bbox 183 3403 324 3486; x_wconf 87' lang='lat' dir='ltr'><strong>pluribus</strong></span> <span class='ocrx_word' id='word_1_224' title='bbox 358 3404 396 3469; x_wconf 93' lang='lat' dir='ltr'><strong>de</strong></span> <span class='ocrx_word' id='word_1_225' title='bbox 429 3405 489 3469; x_wconf 87' lang='lat' dir='ltr'><strong>hac</strong></span> <span class='ocrx_word' id='word_1_226' title='bbox 522 3424 554 3470; x_wconf 88' lang='lat' dir='ltr'><strong>rs</strong></span> <span class='ocrx_word' id='word_1_227' title='bbox 591 3423 740 3487; x_wconf 85' lang='lat' dir='ltr'><strong>exponere</strong></span> <span class='ocrx_word' id='word_1_228' title='bbox 779 3423 1039 3488; x_wconf 88' lang='lat' dir='ltr'><strong>supervacaneum</strong></span> <span class='ocrx_word' id='word_1_229' title='bbox 1077 3421 1144 3467; x_wconf 91' lang='lat' dir='ltr'><strong>esse</strong></span> <span class='ocrx_word' id='word_1_230' title='bbox 1172 3405 1295 3484; x_wconf 87' lang='lat' dir='ltr'><strong>putem.</strong></span> 
     </span>
     <span class='ocr_line' id='line_1_29' title="bbox 116 3505 1292 3589; baseline -0.001 -19"><span class='ocrx_word' id='word_1_231' title='bbox 116 3525 206 3586; x_wconf 85' lang='lat' dir='ltr'><strong>quum</strong></span> <span class='ocrx_word' id='word_1_232' title='bbox 239 3508 277 3572; x_wconf 92' lang='lat' dir='ltr'><strong>ob</strong></span> <span class='ocrx_word' id='word_1_233' title='bbox 313 3525 380 3572; x_wconf 91' lang='lat' dir='ltr'><strong>rem</strong></span> <span class='ocrx_word' id='word_1_234' title='bbox 413 3507 551 3573; x_wconf 85' lang='lat' dir='ltr'><strong>breviter</strong></span> <span class='ocrx_word' id='word_1_235' title='bbox 583 3527 790 3574; x_wconf 89' lang='lat' dir='ltr'><strong>commemoro</strong></span> <span class='ocrx_word' id='word_1_236' title='bbox 813 3507 1054 3573; x_wconf 89' lang='lat' dir='ltr'><strong>similitudinem</strong></span> <span class='ocrx_word' id='word_1_237' title='bbox 1077 3505 1292 3589; x_wconf 80' lang='lat' dir='ltr'><strong>Vergilianum</strong></span> 
     </span>
     <span class='ocr_line' id='line_1_30' title="bbox 116 3609 1293 3695; baseline -0.003 -21"><span class='ocrx_word' id='word_1_238' title='bbox 116 3609 226 3694; x_wconf 83' lang='lat' dir='ltr'><strong>Georg.</strong></span> <span class='ocrx_word' id='word_1_239' title='bbox 250 3612 301 3677; x_wconf 90' lang='lat' dir='ltr'><strong>III</strong></span> <span class='ocrx_word' id='word_1_240' title='bbox 334 3612 396 3677; x_wconf 86' lang='grc'><strong>196</strong></span> <span class='ocrx_word' id='word_1_241' title='bbox 431 3632 487 3695; x_wconf 72' lang='grc' dir='ltr'>ιιι,</span> <span class='ocrx_word' id='word_1_242' title='bbox 521 3613 575 3677; x_wconf 92' lang='lat' dir='ltr'><strong>nbi</strong></span> <span class='ocrx_word' id='word_1_243' title='bbox 610 3621 702 3695; x_wconf 85' lang='lat' dir='ltr'><strong>poeta</strong></span> <span class='ocrx_word' id='word_1_244' title='bbox 735 3632 848 3695; x_wconf 91' lang='lat' dir='ltr'><strong>equum</strong></span> <span class='ocrx_word' id='word_1_245' title='bbox 883 3611 1001 3676; x_wconf 88' lang='lat' dir='ltr'><strong>confert</strong></span> <span class='ocrx_word' id='word_1_246' title='bbox 1035 3627 1106 3674; x_wconf 89' lang='lat' dir='ltr'><strong>cum</strong></span> <span class='ocrx_word' id='word_1_247' title='bbox 1141 3609 1293 3692; x_wconf 88' lang='lat' dir='ltr'><strong>aquilone.</strong></span> 
     </span>
     <span class='ocr_line' id='line_1_31' title="bbox 114 3711 1322 3792; baseline -0.002 -15"><span class='ocrx_word' id='word_1_248' title='bbox 114 3717 273 3792; x_wconf 88' lang='lat' dir='ltr'><strong>praeterea</strong></span> <span class='ocrx_word' id='word_1_249' title='bbox 306 3713 424 3779; x_wconf 87' lang='lat' dir='ltr'><strong>videsis</strong></span> <span class='ocrx_word' id='word_1_250' title='bbox 447 3715 670 3781; x_wconf 88' lang='lat' dir='ltr'><strong>similitudines</strong></span> <span class='ocrx_word' id='word_1_251' title='bbox 703 3719 781 3780; x_wconf 86' lang='lat' dir='ltr'><strong>Aen.</strong></span> <span class='ocrx_word' id='word_1_252' title='bbox 805 3717 837 3781; x_wconf 96' lang='lat' dir='ltr'><strong>II</strong></span> <span class='ocrx_word' id='word_1_253' title='bbox 862 3716 938 3791; x_wconf 76' lang='lat'><strong>7943</strong></span> <span class='ocrx_word' id='word_1_254' title='bbox 974 3714 1104 3791; x_wconf 76' lang='lat' dir='ltr'>V2423</span> <span class='ocrx_word' id='word_1_255' title='bbox 1138 3712 1183 3776; x_wconf 93' lang='lat' dir='ltr'><strong>VI</strong></span> <span class='ocrx_word' id='word_1_256' title='bbox 1207 3711 1286 3787; x_wconf 73' lang='lat'><strong>7023</strong></span> <span class='ocrx_word' id='word_1_257' title='bbox 1319 3729 1322 3764; x_wconf 68' lang='grc' dir='ltr'>ι</span> 
     </span>
     <span class='ocr_line' id='line_1_32' title="bbox 114 3816 1295 3901; baseline -0.003 -20"><span class='ocrx_word' id='word_1_258' title='bbox 114 3817 191 3884; x_wconf 88' lang='lat' dir='ltr'>VIII</span> <span class='ocrx_word' id='word_1_259' title='bbox 221 3817 295 3893; x_wconf 82' lang='lat'>223,</span> <span class='ocrx_word' id='word_1_260' title='bbox 324 3838 457 3901; x_wconf 91' lang='lat' dir='ltr'><strong>quarum</strong></span> <span class='ocrx_word' id='word_1_261' title='bbox 485 3819 598 3885; x_wconf 92' lang='lat' dir='ltr'><strong>ultimo</strong></span> <span class='ocrx_word' id='word_1_262' title='bbox 628 3822 696 3886; x_wconf 88' lang='lat' dir='ltr'><strong>loco</strong></span> <span class='ocrx_word' id='word_1_263' title='bbox 725 3820 825 3885; x_wconf 82' lang='lat' dir='ltr'><strong>Cacus</strong></span> <span class='ocrx_word' id='word_1_264' title='bbox 854 3819 1022 3883; x_wconf 88' lang='lat' dir='ltr'><strong>Herculem</strong></span> <span class='ocrx_word' id='word_1_265' title='bbox 1049 3817 1172 3900; x_wconf 88' lang='lat' dir='ltr'><strong>fugiens</strong></span> <span class='ocrx_word' id='word_1_266' title='bbox 1204 3816 1295 3880; x_wconf 91' lang='lat' dir='ltr'><strong>‘ocior</strong></span> 
     </span>
     <span class='ocr_line' id='line_1_33' title="bbox 114 3921 366 3990; baseline 0.012 -5"><span class='ocrx_word' id='word_1_267' title='bbox 114 3921 201 3986; x_wconf 83' lang='lat' dir='ltr'><strong>Huro’</strong></span> <span class='ocrx_word' id='word_1_268' title='bbox 228 3925 366 3990; x_wconf 88' lang='lat' dir='ltr'><strong>vocatur.</strong></span> 
     </span>
    </p>

    <p class='ocr_par' dir='ltr' id='par_1_10' title="bbox 111 4023 1296 4215">
     <span class='ocr_line' id='line_1_34' title="bbox 211 4023 1295 4109; baseline -0.004 -19"><span class='ocrx_word' id='word_1_269' title='bbox 211 4026 387 4091; x_wconf 89' lang='lat' dir='ltr'><strong>Persimilis</strong></span> <span class='ocrx_word' id='word_1_270' title='bbox 399 4032 447 4092; x_wconf 90' lang='lat' dir='ltr'><strong>est</strong></span> <span class='ocrx_word' id='word_1_271' title='bbox 458 4028 546 4092; x_wconf 92' lang='lat' dir='ltr'><strong>locus</strong></span> <span class='ocrx_word' id='word_1_272' title='bbox 559 4027 730 4093; x_wconf 80' lang='lat' dir='ltr'><strong>Ouidianus</strong></span> <span class='ocrx_word' id='word_1_273' title='bbox 743 4028 817 4093; x_wconf 88' lang='lat' dir='ltr'><strong>Met.</strong></span> <span class='ocrx_word' id='word_1_274' title='bbox 835 4027 935 4101; x_wconf 78' lang='lat'>1502,</span> <span class='ocrx_word' id='word_1_275' title='bbox 952 4027 1006 4091; x_wconf 93' lang='lat' dir='ltr'><strong>ubi</strong></span> <span class='ocrx_word' id='word_1_276' title='bbox 1024 4026 1152 4109; x_wconf 90' lang='lat' dir='ltr'><strong>Daphne</strong></span> <span class='ocrx_word' id='word_1_277' title='bbox 1169 4023 1295 4107; x_wconf 91' lang='lat' dir='ltr'><strong>Apolli-</strong></span> 
     </span>
     <span class='ocr_line' id='line_1_35' title="bbox 111 4125 1296 4215; baseline -0.002 -23"><span class='ocrx_word' id='word_1_278' title='bbox 111 4148 178 4194; x_wconf 93' lang='lat' dir='ltr'><strong>nem</strong></span> <span class='ocrx_word' id='word_1_279' title='bbox 190 4130 349 4197; x_wconf 87' lang='lat' dir='ltr'><strong>amantem</strong></span> <span class='ocrx_word' id='word_1_280' title='bbox 361 4125 547 4214; x_wconf 87' lang='lat' dir='ltr'><strong>fugit‘ocior</strong></span> <span class='ocrx_word' id='word_1_281' title='bbox 562 4131 655 4214; x_wconf 86' lang='lat' dir='ltr'><strong>aura’;</strong></span> <span class='ocrx_word' id='word_1_282' title='bbox 669 4136 829 4215; x_wconf 85' lang='lat' dir='ltr'><strong>praeterea</strong></span> <span class='ocrx_word' id='word_1_283' title='bbox 841 4131 880 4196; x_wconf 88' lang='lat' dir='ltr'><strong>cf.</strong></span> <span class='ocrx_word' id='word_1_284' title='bbox 891 4131 965 4195; x_wconf 87' lang='lat' dir='ltr'><strong>Met.</strong></span> <span class='ocrx_word' id='word_1_285' title='bbox 978 4129 1060 4195; x_wconf 93' lang='lat' dir='ltr'>XIII</span> <span class='ocrx_word' id='word_1_286' title='bbox 1072 4131 1144 4206; x_wconf 74' lang='lat' dir='ltr'><strong>sol,</strong></span> <span class='ocrx_word' id='word_1_287' title='bbox 1158 4127 1296 4194; x_wconf 81' lang='lat'>111209.</span> 
     </span>
    </p>

    <p class='ocr_par' dir='ltr' id='par_1_11' title="bbox 112 4223 1324 4524">
     <span class='ocr_line' id='line_1_36' title="bbox 211 4223 1296 4315; baseline -0.002 -20"><span class='ocrx_word' id='word_1_288' title='bbox 211 4231 357 4313; x_wconf 88' lang='lat' dir='ltr'><strong>Sequitur</strong></span> <span class='ocrx_word' id='word_1_289' title='bbox 379 4223 416 4298; x_wconf 80' lang='lat' dir='ltr'><strong>ut</strong></span> <span class='ocrx_word' id='word_1_290' title='bbox 433 4235 639 4315; x_wconf 86' lang='lat' dir='ltr'><strong>procellarum</strong></span> <span class='ocrx_word' id='word_1_291' title='bbox 656 4241 687 4299; x_wconf 90' lang='lat' dir='ltr'><strong>et</strong></span> <span class='ocrx_word' id='word_1_292' title='bbox 709 4235 934 4315; x_wconf 87' lang='lat' dir='ltr'><strong>tempestatum</strong></span> <span class='ocrx_word' id='word_1_293' title='bbox 957 4232 1128 4314; x_wconf 89' lang='lat' dir='ltr'><strong>imaginem</strong></span> <span class='ocrx_word' id='word_1_294' title='bbox 1150 4234 1207 4297; x_wconf 87' lang='lat' dir='ltr'><strong>hec</strong></span> <span class='ocrx_word' id='word_1_295' title='bbox 1229 4232 1296 4296; x_wconf 87' lang='lat' dir='ltr'><strong>loeo</strong></span> 
     </span>
     <span class='ocr_line' id='line_1_37' title="bbox 112 4335 1296 4418; baseline -0.002 -19"><span class='ocrx_word' id='word_1_296' title='bbox 112 4352 356 4418; x_wconf 88' lang='lat' dir='ltr'><strong>commemorem,</strong></span> <span class='ocrx_word' id='word_1_297' title='bbox 381 4355 474 4418; x_wconf 89' lang='lat' dir='ltr'><strong>quam</strong></span> <span class='ocrx_word' id='word_1_298' title='bbox 490 4335 620 4402; x_wconf 88' lang='lat' dir='ltr'><strong>Ovidius</strong></span> <span class='ocrx_word' id='word_1_299' title='bbox 643 4338 682 4404; x_wconf 89' lang='lat' dir='ltr'><strong>ad</strong></span> <span class='ocrx_word' id='word_1_300' title='bbox 705 4337 801 4403; x_wconf 85' lang='lat' dir='ltr'><strong>animi</strong></span> <span class='ocrx_word' id='word_1_301' title='bbox 825 4337 874 4400; x_wconf 91' lang='lat' dir='ltr'><strong>sui</strong></span> <span class='ocrx_word' id='word_1_302' title='bbox 898 4336 1111 4402; x_wconf 90' lang='lat' dir='ltr'><strong>condicionem</strong></span> <span class='ocrx_word' id='word_1_303' title='bbox 1133 4337 1296 4400; x_wconf 89' lang='lat' dir='ltr'><strong>illustran-</strong></span> 
     </span>
     <span class='ocr_line' id='line_1_38' title="bbox 112 4437 1324 4524; baseline 0 -23"><span class='ocrx_word' id='word_1_304' title='bbox 112 4437 180 4504; x_wconf 89' lang='lat' dir='ltr'><strong>dam</strong></span> <span class='ocrx_word' id='word_1_305' title='bbox 204 4439 349 4505; x_wconf 91' lang='lat' dir='ltr'><strong>adhibuit</strong></span> <span class='ocrx_word' id='word_1_306' title='bbox 378 4441 471 4506; x_wconf 83' lang='lat' dir='ltr'><strong>Trist.</strong></span> <span class='ocrx_word' id='word_1_307' title='bbox 496 4442 528 4506; x_wconf 95' lang='lat' dir='ltr'><strong>II</strong></span> <span class='ocrx_word' id='word_1_308' title='bbox 554 4442 615 4506; x_wconf 82' lang='lat'><strong>149</strong></span> <span class='ocrx_word' id='word_1_309' title='bbox 637 4460 714 4524; x_wconf 66' lang='lat' dir='ltr'><strong>sqq„</strong></span> <span class='ocrx_word' id='word_1_310' title='bbox 749 4441 804 4506; x_wconf 93' lang='lat' dir='ltr'><strong>uhi</strong></span> <span class='ocrx_word' id='word_1_311' title='bbox 827 4441 942 4506; x_wconf 89' lang='lat' dir='ltr'><strong>sortem</strong></span> <span class='ocrx_word' id='word_1_312' title='bbox 965 4460 1055 4506; x_wconf 90' lang='lat' dir='ltr'><strong>suam</strong></span> <span class='ocrx_word' id='word_1_313' title='bbox 1078 4441 1111 4504; x_wconf 92' lang='lat' dir='ltr'><strong>in</strong></span> <span class='ocrx_word' id='word_1_314' title='bbox 1134 4440 1223 4505; x_wconf 80' lang='lat' dir='ltr'><strong>ouillo</strong></span> <span class='ocrx_word' id='word_1_315' title='bbox 1247 4438 1295 4503; x_wconf 91' lang='lat' dir='ltr'><strong>his</strong></span> <span class='ocrx_word' id='word_1_316' title='bbox 1316 4479 1324 4492; x_wconf 81' lang='lat'><strong>·</strong></span> 
     </span>
    </p>
   </div>
   <div class='ocr_carea' id='block_1_9' title="bbox 113 4543 1185 4697">
    <p class='ocr_par' dir='ltr' id='par_1_12' title="bbox 113 4543 1185 4697">
     <span class='ocr_line' id='line_1_39' title="bbox 113 4543 399 4610; baseline 0.017 -7"><span class='ocrx_word' id='word_1_317' title='bbox 113 4543 259 4610; x_wconf 89' lang='lat' dir='ltr'><strong>describit</strong></span> <span class='ocrx_word' id='word_1_318' title='bbox 282 4545 399 4610; x_wconf 89' lang='lat' dir='ltr'><strong>verbis:</strong></span> 
     </span>
     <span class='ocr_line' id='line_1_40' title="bbox 1170 4652 1185 4697; baseline 0 0"><span class='ocrx_word' id='word_1_319' title='bbox 1170 4652 1185 4697; x_wconf 86' lang='lat' dir='ltr'><strong>a</strong></span> 
     </span>
    </p>
   </div>
   <div class='ocr_carea' id='block_1_10' title="bbox 0 0 1688 5132">
    <p class='ocr_par' dir='ltr' id='par_1_13' title="bbox 0 0 1688 5132">
     <span class='ocr_line' id='line_1_41' title="bbox 0 0 1688 5132; baseline 0 6"><span class='ocrx_word' id='word_1_320' title='bbox 0 0 1688 5132; x_wconf 95' lang='lat' dir='ltr'><strong> </strong></span> 
     </span>
    </p>
   </div>
  </div>
 </body>
</html>
