3370 5134
846 509 1076 576 -122-

368 699 449 765 hanc
462 699 677 782 quaestionem
689 699 721 764 in
734 701 915 764 transcursu
927 698 1030 780 potius
1039 696 1148 782 tetigit
1162 713 1255 779 quam
1268 696 1430 779 tractavit;
1446 713 1511 777 qua
1521 714 1551 758 re

368 803 433 870 iam
454 802 487 866 id
509 801 588 867 mihi
611 819 713 884 sumo,
736 802 782 881 ut,
806 801 922 884 quanto
945 818 1035 882 opere
1058 799 1142 866 Naso
1172 799 1231 864 hac
1254 799 1321 864 tota
1344 798 1551 880 descriptione

367 906 529 991 proposita
550 906 589 969 ad
613 903 748 986 Vergilii
769 904 802 968 et
824 902 981 970 Theocriti
1005 901 1227 970 auctoritatem
1249 919 1316 970 sese
1332 902 1550 985 composuerit,

364 1009 586 1076 demonstrem.
600 1011 739 1074 nondum
754 1007 839 1072 enim
855 1026 874 1072 a
890 1006 1052 1074 Gebauero
1068 1005 1322 1072 animadversum
1338 1008 1387 1070 est
1401 1004 1551 1072 Ovidium

364 1115 430 1196 ipso
455 1110 589 1196 Vergilii
611 1110 687 1189 loco,
710 1110 766 1176 ecl.
784 1109 846 1176 Vll
869 1109 910 1176 37
934 1127 995 1193 sq,
1018 1107 1190 1174 excitatum
1213 1127 1290 1192 esse,
1306 1111 1342 1174 ut
1357 1111 1445 1174 tauto
1461 1107 1551 1173 simi·

364 1214 538 1282 litudinum
561 1215 687 1281 cumulo
709 1213 877 1298 Cyclopem
894 1210 1057 1278 Galateam
1073 1212 1309 1294 praedicantem
1327 1211 1453 1277 faceret.
1477 1230 1551 1278 nam

365 1336 437 1385 cum
460 1317 579 1385 ibidem
601 1318 690 1383 Maro
712 1317 851 1401 primum
873 1314 1068 1399 Corydonem
1092 1315 1170 1382 haee
1192 1314 1225 1381 iu
1249 1313 1401 1384 Galateae
1423 1315 1549 1382 laudem

365 1426 529 1489 canentem
550 1420 669 1506 fingat:

569 1549 677 1604 Nerine
699 1547 823 1613 Galatea,
842 1547 933 1615 thymo
949 1547 1016 1602 φίλι’
1033 1546 1141 1602 dulcior
1159 1547 1274 1617 Hyblae,

569 1634 717 1690 candidior
734 1635 834 1704 οφοιιίε,
851 1633 955 1688 λαᾱαα
971 1633 1142 1700 formonsior
1159 1634 1230 1704 alba,

364 1751 396 1814 et
417 1748 530 1817 deinde
553 1768 583 1815 v.
605 1749 646 1813 41
671 1766 716 1831 sq.
741 1747 927 1832 Thyrsidom
950 1748 1029 1812 baso
1051 1750 1290 1830 respondentem
1313 1747 1429 1814 iaciat:

568 1875 649 1930 immo
667 1891 713 1946 epo
733 1873 881 1930 Sardoniis
898 1873 996 1930 adeor
1014 1875 1205 1930 tibicinarias
1222 1876 1319 1942 balb,

566 1961 705 2018 horridior
722 1977 813 2031 raeco,
827 1962 954 2030 prodeas
971 1962 1054 2017 citior
1070 1961 1141 2032 alga,

363 2077 437 2162 quid
461 2076 526 2142 iam
549 2075 686 2157 apertius
720 2074 885 2157 planiusve
919 2075 968 2139 est
1001 2093 1096 2157 quam
1120 2073 1270 2142 Ovidium
1303 2076 1388 2141 huno
1412 2075 1545 2158 Vergilii

363 2181 466 2246 locum
481 2179 700 2262 respicientem
715 2179 956 2260 descriptionem
973 2197 1061 2243 snam
1077 2179 1123 2244 ita
1138 2182 1320 2259 instituisse,
1336 2184 1382 2262 ut,
1399 2199 1492 2263 quem
1510 2182 1547 2247 ad

362 2285 491 2350 modum
505 2283 558 2348 hic
573 2282 838 2348 similitudinibus
854 2283 887 2348 in
901 2283 1029 2366 atropha
1043 2283 1194 2348 adhibitis
1210 2284 1288 2349 alias
1303 2283 1337 2348 in
1353 2284 1547 2367 antistropha

362 2388 515 2472 opposuit,
539 2387 587 2452 ita
609 2388 675 2470 ipse
697 2385 864 2470 Cyclopem
898 2388 942 2452 eis
964 2387 1164 2468 imaginibus,
1198 2404 1277 2470 quaa
1301 2405 1349 2452 vv.
1375 2389 1545 2455 vae-797

363 2490 628 2574 complectuntur,
663 2488 826 2555 Galateam
861 2489 1057 2568 laudantem,
1087 2490 1278 2573 imaginibus
1302 2495 1409 2556 autem
1431 2491 1546 2558 indea

361 2594 590 2663 ordea-807
604 2593 734 2660 eandem
746 2595 1025 2676 reprehendentem
1037 2593 1172 2659 fecerit?
1183 2595 1291 2678 quodsi
1306 2595 1354 2660 ita
1364 2597 1543 2681 statuimus,

361 2700 442 2765 nihil
464 2702 547 2765 certe
569 2698 715 2782 impedit,
750 2699 916 2781 quominus
938 2699 1024 2765 Naso
1059 2698 1155 2764 simul
1189 2701 1254 2765 eius
1284 2699 1346 2765 loci
1369 2699 1544 2766 Theocritei

360 2820 531 2868 memorem
553 2821 621 2868 sere
649 2801 842 2885 praestitisse
876 2804 1036 2884 credatur,
1071 2821 1163 2887 quem
1186 2803 1289 2886 ipsum
1312 2802 1489 2888 Vergilium
1511 2805 1541 2869 in

361 2907 468 2972 eadem
503 2906 612 2990 ecloga
644 2906 867 2972 conscribenda
899 2912 971 2971 ante
1004 2906 1110 2972 oculos
1143 2906 1290 2973 habuisse
1323 2907 1463 2973 ostendit
1484 2907 1541 2973 Ge-

360 3009 506 3088 bauerus,
530 3009 596 3074 dico
619 3007 708 3091 idyll.
731 3006 777 3072 Xl
803 3027 851 3073 vv.
877 3010 917 3073 19
940 3027 1023 3092 sqq.:

545 3130 602 3216 ,fii
620 3129 707 3184 λευκὰ
728 3129 872 3196 Γαλάτεια,
890 3129 919 3184 τί
937 3131 989 3184 τὸν
1008 3131 1136 3198 φιλέοντ’
1155 3131 1315 3202 ἀποβάλλῃς

559 3216 722 3285 ’λευκοτέρα
740 3221 850 3282 πακτᾶς
866 3219 1004 3283 ποτιδεῑν,
1025 3218 1198 3287 ἁπαλωτέρα
1216 3219 1312 3287 ἀρνός,

566 3305 666 3371 μόσχω
685 3304 857 3372 γαυροτέρα,
876 3305 1046 3373 φιαριυτέρα
1065 3305 1196 3370 ὄμφακος
1214 3306 1302 3370 ὠμὰς.

565 3391 681 3457 φεύγεις
700 3391 725 3442 δ’
743 3391 841 3458 ὥσπερ
861 3391 904 3454 ὄϊς
921 3391 1022 3444 πολιὸν
1041 3392 1127 3445 λύκον
1146 3390 1306 3459 ἀθρήσασα.

358 3493 456 3560 hace
486 3493 645 3560 Theocriti
680 3494 888 3578 descriptione
921 3493 1071 3560 Ovidium
1105 3496 1266 3580 complura
1298 3497 1427 3580 petiisse
1461 3510 1541 3563 recte

358 3597 536 3664 observavit
559 3594 747 3664 Gebauerus.
788 3599 1012 3664 animadvertit
1034 3602 1116 3666 enim
1139 3619 1169 3682 p.
1192 3601 1256 3666 239
1291 3599 1450 3667 Nasonem
1473 3621 1541 3667 eum

357 3699 481 3768 dicendi
503 3719 606 3777 usum,
629 3720 689 3784 quo
712 3706 781 3784 post
805 3702 976 3784 positivum
1002 3705 1098 3770 λευκὰ
1113 3704 1342 3787 comparativus
1368 3707 1541 3786 λευκοτέρα

357 3805 503 3887 infertur,
526 3805 678 3888 recepisse
700 3804 774 3872 Am.
798 3807 901 3885 1115,
925 3808 945 3873 9
969 3826 1055 3890 sqq.:

565 3940 632 3989 ecee,
647 3930 747 3994 petens
764 3925 850 3980 variis
867 3926 1007 3982 immixtae
1024 3925 1138 3994 florebas
1155 3927 1251 3982 herbas

613 4012 737 4066 constitit
755 4017 822 4066 cote
840 4013 931 4068 oculos
949 4011 1104 4068 condida
1120 4029 1202 4068 cccco
1220 4029 1300 4084 meos,

563 4098 749 4153 candidior
767 4099 922 4168 oicibw)
941 4105 1009 4154 tuac
1026 4115 1086 4153 cum
1103 4099 1225 4154 rectam
1242 4106 1373 4167 recentes,

614 4183 645 4238 ia
663 4183 783 4253 liquidas
802 4185 925 4240 condam
943 4201 1013 4254 pace
1031 4201 1109 4239 ooorc
1126 4187 1208 4240 uertit
1225 4203 1320 4256 opaca

355 4303 561 4315 ———

461 4371 493 4441 ²⁹)
509 4371 581 4428 Huic
598 4374 655 4428 loco
684 4375 800 4428 alterum
828 4373 897 4428 addo
925 4389 957 4428 ex
975 4373 1006 4428 P.
1033 4373 1106 4440 115,
1134 4377 1166 4427 8⁷
1185 4389 1232 4444 sq,
1259 4374 1307 4428 uhi
1334 4375 1425 4429 eadem
1451 4374 1539 4445 imago

356 4458 500 4514 wniuneta
518 4475 578 4514 cum
596 4459 776 4515 similitudine
793 4460 828 4515 ad
846 4460 944 4514 lactem
963 4461 1116 4530 pertinente
1135 4476 1213 4515 sensu
1236 4460 1371 4516 hanalato
1395 4461 1429 4516 de
1452 4463 1539 4517 mente

355 4544 470 4600 candida
487 4545 644 4600 adhibetur:
