3366 5132
853 553 1065 620 ..gg-

570 743 609 795 sic
626 741 747 794 lacrimis
765 747 927 809 consumpta
945 743 1003 795 sais
1022 741 1159 796 Phoebeia
1176 741 1275 811 Byblis

569 828 689 882 vestilia
708 827 739 880 ia
756 826 862 892 focatem
886 864 891 876 ·
919 865 927 880 .
953 863 963 884 .

364 953 545 1016 recordatus
569 953 651 1016 euim
676 954 724 1016 est
740 948 872 1014 Ovidius
898 949 1036 1015 Lucretii
1052 950 1124 1026 Ioci,
1141 949 1195 1031 qui
1212 948 1328 1036 legitur
1345 949 1392 1014 VI
1407 950 1471 1016 806
1487 967 1547 1031 sq.:

569 1089 663 1126 corae
681 1071 758 1127 rides
778 1072 860 1126 etiam
878 1077 953 1126 terro
971 1087 1077 1142 qaoque
1095 1072 1195 1139 sulpur
1213 1071 1244 1124 in
1260 1070 1323 1138 ipsc

568 1160 672 1229 pipaier
691 1165 717 1213 et
735 1164 823 1212 taetro
842 1173 1011 1213 concrescere
1029 1157 1113 1213 odore
1131 1157 1260 1211 bitumen.

364 1299 442 1365 quae
457 1281 637 1346 coniectura
651 1298 686 1346 eo
701 1279 893 1362 probabilior
908 1279 967 1346 tibi
983 1298 1048 1346 esse
1070 1279 1238 1358 videbitur,
1261 1278 1288 1343 si
1304 1283 1408 1343 tecum
1424 1281 1547 1360 reputa-

362 1387 447 1451 veris
470 1385 526 1450 hos
549 1404 659 1450 versus
678 1385 771 1469 paulu
794 1385 977 1450 antecedere
999 1382 1206 1467 disputationi
1229 1387 1266 1449 de
1289 1381 1439 1462 fontibus,
1464 1383 1547 1448 cuius

365 1490 488 1572 partem
496 1489 744 1573 quandamnunc
756 1473 1061 1552 emIssam'Ovidium
1069 1487 1131 1552 alia
1142 1485 1352 1553 similitudine
1365 1486 1548 1567 expressisse

365 1611 459 1676 supra
481 1590 683 1657 ostendimus.
707 1591 789 1674 quod
811 1593 919 1656 autem
941 1590 1025 1655 Naso
1058 1593 1165 1674 guttas
1187 1590 1290 1674 piceas
1325 1606 1381 1672 pro
1403 1587 1548 1671 sulphure

364 1695 398 1760 iu
421 1695 558 1779 imagine
581 1695 712 1769 induxit,
737 1694 820 1776 apud
833 1694 1013 1760 Lucretium
1038 1712 1160 1777 qnoque
1173 1693 1207 1758 in
1222 1692 1331 1759 eodem
1345 1692 1425 1758 libre
1442 1691 1487 1757 VI
1502 1691 1548 1757 bis

365 1797 447 1882 pitis
469 1800 587 1863 mentio
610 1797 656 1872 fit,
675 1817 703 1862 v.
720 1798 783 1862 257
800 1800 878 1862 etv.
899 1797 992 1864 1073.
1009 1797 1121 1881 quibus
1138 1816 1154 1862 e
1168 1797 1310 1880 versibus
1326 1815 1396 1862 cnm
1411 1795 1545 1879 priorem

368 1899 499 1966 Ovidius
521 1901 586 1967 alia
608 1899 796 1984 imitatione,
820 1918 913 1982 quam
937 1899 1066 1965 iamiam
1096 1902 1286 1965 tractaturus
1312 1919 1392 1978 snm,
1423 1917 1547 1982 expres-

364 2005 453 2081 serit,
477 2023 534 2088 pro
556 2008 641 2069 certo
664 2007 766 2086 potest
791 2001 941 2068 affirmari
962 2007 1088 2086 poetam
1109 2021 1179 2068 eam
1195 2022 1316 2087 quoque
1332 2003 1546 2086 variationem,

363 2127 399 2172 er
421 2127 484 2190 qua
506 2126 562 2191 pro
585 2106 735 2189 sulphure
758 2106 859 2188 picem
883 2106 1032 2184 restituit,
1062 2107 1207 2172 Lucretio
1231 2106 1352 2174 debere.
1386 2109 1423 2172 de
1448 2107 1545 2172 tertis

362 2210 494 2294 denique
516 2211 652 2293 imagine
676 2210 793 2276 undam
816 2210 1086 2276 remollescentem
1120 2214 1282 2292 spectante
1316 2211 1546 2276 animadvertas

361 2314 458 2381 velim
482 2315 661 2379 Lucretium
686 2315 819 2379 eandem
840 2333 905 2378 rem
929 2314 1130 2397 descripsisse
1152 2314 1186 2378 in
1202 2332 1238 2379 ea
1253 2314 1321 2397 ipsa
1334 2317 1424 2396 parte
1440 2314 1544 2397 dispu-

356 2418 502 2502 tationis,
526 2436 587 2500 qua
610 2417 812 2484 defectibus
836 2419 953 2502 agitur,
977 2437 1006 2484 v.
1030 2417 1092 2482 877
1117 2435 1180 2500 sq.:

625 2577 631 2590 .
690 2540 771 2606 qacsi
788 2553 869 2606 saepe
884 2538 982 2608 pelam,
1000 2538 1073 2608 qaod
1091 2538 1214 2592 conticet
1231 2538 1263 2591 ia
1279 2554 1315 2604 se,

564 2625 647 2678 mittit
666 2626 714 2690 (sc.
732 2624 816 2693 Ignis)
835 2630 860 2678 et
879 2625 979 2678 ecoloit
997 2623 1110 2694 glaciem
1128 2623 1267 2694 coelosque
1284 2625 1403 2678 relucet.

466 2745 620 2827 Quoniam
643 2747 675 2810 iu
699 2765 745 2830 ea,
769 2764 863 2828 qnam
888 2743 979 2810 modo
1002 2745 1220 2826 tractavimus,
1243 2745 1453 2828 descriptione
1470 2747 1545 2813 Ovi·
1668 2753 1669 2762 ’

360 2849 455 2915 diana
477 2851 556 2932 picis
580 2851 698 2916 mentio
721 2849 768 2931 fit,
791 2849 938 2915 hocloco
960 2850 1056 2914 aliam
1080 2849 1252 2933 imaginem
1268 2851 1407 2915 eiusdem
1424 2849 1545 2935 generis

360 2956 500 3036 proferre
535 2953 632 3030 libet,
674 2972 735 3036 qua
770 2955 860 3036 epist.
894 2953 988 3019 XVII
1023 2954 1041 3019 7
1078 2947 1211 3020 ‘caelum
1244 2953 1314 3036 pice
1346 2954 1478 3037 nigrins’
1515 2958 1546 3020 et

360 3057 438 3122 Met.
460 3057 508 3122 XI
530 3059 596 3123 549
625 3076 679 3140 per
713 3057 929 3141 metaphoram
962 3047 1071 3122 ‘nubes
1103 3057 1220 3141 piceae’
1253 3060 1413 3125 vocantur.
1452 3073 1545 3141 quam

359 3158 604 3226 similtiudinem
627 3178 688 3226 nou
712 3161 834 3245 repperi
851 3163 937 3244 'apud
952 3162 1071 3245 poetas,
1094 3161 1133 3226 ds
1149 3161 1261 3245 quibus
1276 3163 1310 3227 in
1326 3162 1383 3227 hoc
1397 3161 1545 3244 opusculo

360 3265 476 3348 agitur,
499 3264 563 3330 nisi
584 3265 624 3330 Il.
648 3271 667 3331 b
690 3266 752 3330 277
776 3284 822 3348 sq.
845 3268 876 3329 et
900 3266 989 3331 hucr.
1013 3264 1059 3330 VI
1081 3265 1145 3332 256
1169 3284 1236 3350 sqq.

463 3385 655 3452 Devenimus
671 3387 735 3452 iam
751 3386 791 3452 ad
806 3385 1048 3453 similitudinem
1060 3387 1256 3463 Ovidianam‚
1273 3405 1352 3469 quae
1368 3386 1546 3452 continetur

358 3487 502 3555 versibus
512 3489 577 3556 434
600 3509 666 3573 sqq.
688 3489 764 3558 Met
779 3490 854 3556 libri
869 3489 942 3566 XII,
959 3510 1042 3556 nunc
1056 3490 1214 3557 communi
1229 3491 1367 3555 virorum
1383 3490 1545 3556 doctmum

358 3610 509 3658 consensu
518 3595 558 3659 ab
566 3590 678 3658 Ouidio
689 3593 886 3660 abiudicatis.
903 3593 1020 3658 etenim
1032 3596 1066 3659 in
1078 3594 1255 3659 narratione
1271 3593 1309 3658 de
1325 3611 1440 3677 pugna,
1456 3611 1544 3677 quae,

359 3714 432 3761 cnm
453 3697 487 3761 in
509 3697 629 3779 nuptiis
644 3697 789 3775 Pirithoi,
813 3697 1020 3779 Lapitharum
1037 3697 1131 3781 regie,
1148 3695 1391 3781 HIppodamiam
1407 3696 1546 3781 Eurytus

357 3797 531 3865 cenuums
555 3801 704 3882 rapturus
726 3803 819 3883 esset,
843 3801 925 3865 iuter
948 3799 1099 3884 Lapithas
1122 3802 1153 3865 et
1176 3798 1345 3865 Centauros
1369 3800 1545 3867 vinolentos

357 3906 465 3968 exorta
486 3905 544 3980 est,
568 3903 768 3984 describitur,
792 3923 886 3988 quem
909 3905 1094 3971 admodum
1116 3903 1306 3970 Phaooomes
1329 3903 1411 3969 iacto
1435 3903 1544 3986 stipite

357 4004 539 4089 Tectaphon
562 4005 715 4072 Oleniden
738 4025 757 4073 a
778 4026 902 4073 summo
937 4007 1039 4089 capite
1072 4006 1224 4073 diviserit.
1256 4023 1317 4089 qua
1350 4005 1383 4071 in
1405 4005 1545 4090 descrip-

357 4108 442 4174 tione
464 4109 498 4174 in
521 4109 627 4176 codice
649 4109 824 4176 Hauniensi
847 4109 978 4196 aliisque
1000 4109 1079 4176 haec
1100 4109 1266 4192 leguntur:

562 4247 658 4313 fracto
674 4247 832 4304 uolubilitas
849 4249 949 4319 capitis
967 4248 1113 4314 acosma,
1128 4262 1235 4317 perque
1253 4262 1283 4301 os

561 4350 664 4404 perque
681 4349 763 4389 coras
780 4351 864 4389 mres
881 4335 1025 4406 oculosque
1043 4349 1178 4404 auresque
1196 4335 1335 4389 ceremm

562 4421 641 4475 crolle
658 4421 730 4489 aare,
749 4420 836 4476 velati
854 4427 1008 4477 concretam
1025 4423 1127 4477 masiae
1144 4437 1249 4492 querno

563 4506 607 4561 loc
623 4507 698 4572 solet,
717 4512 781 4561 ctae
800 4506 892 4576 liquor
908 4508 969 4563 rari
986 4508 1036 4562 sab
1050 4507 1175 4577 pondere
1192 4507 1280 4563 cribri

563 4597 660 4646 moral
678 4597 705 4646 et
723 4592 890 4661 exprimitur
903 4609 956 4662 per
975 4593 1061 4648 densa
1078 4595 1219 4661 foromirso
1235 4596 1349 4664 spissas.
