3370 5134
848 501 1083 567 -154-

578 704 661 758 quam
677 690 748 744 mule
765 689 924 759 indecentes
940 690 1056 744 ueniunt
1074 689 1112 744 ad
1129 695 1230 744 aratro
1246 690 1364 755 iuuenci,

629 781 686 831 tam
700 777 841 845 premitur
858 792 956 846 mapoo
974 777 1089 848 συνίασι
1107 783 1198 845 nupta
1214 777 1312 832 minor.

371 900 425 970 sed
448 899 609 983 singulare
641 899 674 965 id
696 901 744 965 est
766 899 800 963 in
824 899 884 964 hac
906 901 1060 983 imagine,
1094 899 1177 982 quod
1208 899 1246 964 de
1269 898 1556 981 inaequalibus

372 1003 511 1070 iuvencis
545 1003 660 1088 amiur.
699 1001 788 1067 ouius
822 1003 868 1066 rei
901 1020 921 1066 a
953 1001 1077 1068 nemine
1111 1003 1304 1068 mentionem
1338 1002 1458 1067 iactam
1494 1021 1557 1067 esse

372 1107 494 1189 repperi
516 1106 579 1172 nisi
602 1104 642 1170 ab
665 1104 799 1170 Horatio
822 1103 856 1170 C.
880 1106 897 1170 Ι
919 1106 970 1182 33,
997 1108 1038 1172 10
1059 1125 1142 1190 squ:

680 1225 721 1280 eie
737 1225 824 1280 visum
846 1225 955 1288 Veneri
975 1227 1022 1281 οω·
1036 1227 1260 1296 piacetdcparee

680 1311 783 1378 soem
801 1317 884 1380 atque
901 1313 1007 1368 animoa
1024 1313 1075 1368 eud
1093 1313 1162 1384 iupa
1179 1315 1284 1369 αίιαναα

730 1415 810 1454 soevo
828 1399 936 1454 mihera
954 1414 1014 1454 cum
1031 1398 1099 1454 ίοοο.

372 1522 431 1587 λοα
453 1522 555 1605 igitur
577 1521 754 1604 exemplum
777 1519 931 1602 respicere
954 1521 1057 1602 potuit
1074 1519 1214 1586 Ovidius.
1237 1540 1274 1586 ac
1294 1521 1400 1588 nescio
1423 1540 1463 1586 an
1486 1519 1556 1586 huic

371 1625 567 1692 coniecturae
589 1625 697 1707 aliqua
719 1623 926 1707 probabilitas
949 1626 1077 1690 accedat
1098 1626 1197 1691 attero
1214 1625 1340 1691 Horatii
1356 1626 1423 1692 loeo
1439 1625 1553 1702 collato

371 1727 404 1796 Ο.
428 1730 512 1806 115,
541 1732 554 1793 i
580 1747 665 1810 sqq.:

678 1847 804 1902 mondum
820 1848 935 1902 οωθασίο
951 1846 1028 1913 ferre
1044 1849 1139 1918 dapum
1155 1849 1227 1902 cadet

680 1936 790 2000 ceruice,
809 1933 935 1989 nondum
952 1936 1051 1988 macria
1068 1935 1197 2002 conparis

732 2036 851 2090 aequare
868 2036 918 2074 esec
934 2021 1010 2075 tauri
1027 2025 1135 2076 cucutia

782 2107 814 2160 e'c
831 2122 956 2160 umorem
973 2107 1091 2160 tolerare
1108 2105 1225 2176 pondua

370 2242 436 2314 ipse
458 2231 566 2295 antem
589 2227 740 2294 Horatius
756 2226 888 2292 Graecos
907 2227 1051 2293 imitatus
1068 2230 1115 2292 est
1130 2231 1248 2309 poetas,
1265 2246 1358 2310 quem
1374 2227 1414 2292 ad
1429 2229 1554 2294 modurn

370 2331 434 2400 iam
457 2332 624 2398 Thallwitz
647 2331 680 2396 in
703 2331 922 2396 dissertatione
948 2325 997 2396 ‘de
1021 2331 1151 2396 Horatio
1175 2331 1364 2396 Graecorum
1388 2329 1555 2396 imitatore'
1668 2349 1669 2400 ξ

370 2458 401 2521 p.
423 2438 466 2504 36
489 2437 583 2501 uerba
604 2428 744 2500 ‘subacta
766 2434 846 2498 ferre
869 2434 980 2518 iugum
1004 2433 1136 2500 cervice’
1158 2434 1295 2500 contulit
1311 2453 1384 2500 cum
1399 2434 1553 2500 Theocriti
1668 2475 1669 2498 r

371 2539 461 2624 idyll.
484 2538 575 2606 XXX
598 2559 627 2604 v.
650 2539 692 2604 29
715 2557 776 2620 sq.:

576 2659 623 2710 καί
640 2661 695 2712 νθν
713 2656 766 2712 εἴτ’
783 2657 883 2719 ἐθέλω,
901 2657 956 2724 χρή
976 2673 1009 2722 με
1029 2657 1138 2725 priapos
1156 2658 1265 2724 σχόντα
1282 2658 1337 2712 τὸν
1355 2657 1473 2724 ἄμφενα

577 2745 663 2810 ἔλκην
680 2744 733 2798 τὸν
753 2744 849 2809 ζύγαν,
868 2743 922 2798 εἴτ’
940 2744 993 2798 οὐκ
1012 2743 1110 2808 ἐθέλω,

370 2854 403 2918 et
425 2849 522 2916 verba
547 2839 638 2914 ‘ferre
671 2847 793 2932 iugum’
827 2848 989 2914 contendit
1023 2866 1093 2914 cum
1118 2847 1276 2914 Theocriti
1310 2848 1550 2932 idyll.X1115

370 2954 528 3032 ἀλλήλους
551 2951 580 3020 δ’
603 2952 761 3032 ἐφίλησαν
783 2951 936 3028 ίσοῑύγω.

473 3073 566 3139 Haud
599 3071 720 3137 minore
755 3089 827 3136 cum
862 3071 1004 3137 cautione
1039 3071 1128 3136 nobis
1150 3072 1351 3138 indicandum
1380 3077 1428 3137 est
1451 3076 1488 3138 de
1511 3074 1554 3138 eis

371 3175 564 3260 imaginibus
595 3176 717 3242 emani
750 3175 876 3257 petitis,
910 3176 1024 3259 quihus
1059 3179 1148 3242 modo
1182 3177 1324 3242 homines
1348 3177 1450 3258 surdi,
1474 3178 1552 3255 duri,

278 3327 285 3345 .
370 3280 466 3361 lenti,
499 3281 592 3345 modo
626 3279 725 3346 animi
749 3281 948 3345 vehementes
977 3297 1014 3345 ao
1036 3281 1120 3345 saevi
1143 3281 1359 3364 designantur.
1401 3299 1461 3363 quo
1483 3300 1552 3347 oum

370 3383 547 3468 imaginum
571 3402 684 3467 genere
707 3386 778 3466 apte
802 3388 1009 3448 conectuntur
1032 3384 1270 3460 similitudines,
1293 3383 1457 3465 inquibus
1476 3382 1552 3449 mari

370 3489 402 3551 et
424 3485 560 3570 scopulis
583 3488 707 3552 animus
723 3485 859 3550 crudelis
875 3491 969 3569 atque
985 3486 1081 3551 durus
1100 3487 1307 3572 significatur.
1332 3492 1376 3554 sic
1392 3486 1553 3571 Euripides

370 3588 467 3672 Hipp.
490 3589 555 3654 304
577 3590 731 3654 nutricem
756 3589 916 3654 Phaedrae
939 3589 1093 3654 dicentem
1117 3590 1210 3654 iacit:
1240 3592 1324 3671 πρὸς
1353 3591 1424 3658 τάδ’
1455 3592 1552 3657 αὐθα-
1666 3579 1667 3610 ³

370 3695 508 3772 δεστέρα
529 3693 639 3770 γίγνου
663 3693 843 3772 θαλάσσης,
866 3693 1006 3758 animum
1022 3693 1089 3758 eius
1105 3693 1310 3758 obfirmatum
1326 3695 1478 3762 indicans.
1496 3709 1551 3776 quo

369 3816 440 3862 cum
465 3796 532 3862 ioco
556 3797 697 3861 conferas
720 3797 793 3860 Eur.
817 3795 901 3860 Med.
926 3796 967 3861 28
990 3815 1051 3878 sq.:

782 3917 822 3979 ὡς
841 3917 872 3970 δὲ
890 3917 995 3985 πέτρας
1013 3918 1031 3983 ἢ
1052 3918 1206 3980 θαλάσσιος

575 4003 691 4056 κλύδων
709 4001 806 4057 ἀκούει
823 4003 1036 4068 νουθεταυμένη
1056 4002 1158 4069 φίλων,

369 4109 402 4172 et
424 4110 524 4174 Andr.
548 4109 609 4173 337
635 4127 697 4190 sq.:

574 4227 602 4280 τί
621 4243 654 4292 με
672 4226 854 4295 προσπίτνεις
873 4225 957 4281 ἁλίαν
975 4227 1085 4295 πέτραν
1101 4259 1105 4268 ·

575 4315 593 4380 ἢ
613 4317 688 4377 κθμα
706 4315 798 4376 λιταῖς
816 4313 855 4377 ὣς
874 4313 1021 4368 ἱκετεύων.

369 4418 408 4585 gd
444 4418 521 4482 haec
553 4416 742 4482 Graecorum
777 4418 919 4501 exempla
951 4423 1058 4502 aperte
1098 4439 1165 4486 sese
1200 4419 1373 4504 adplicavit
1406 4373 1548 4486 Horatius

394 4520 476 4585 ,ΙΙΙ
500 4520 529 4598 7,
552 4523 591 4584 21
618 4540 682 4604 sq.:
