3370 5134
645 497 881 564 -133-

374 691 447 742 certe
465 700 510 756 eqo
528 701 569 739 me
587 685 653 739 uoti
670 685 845 756 liquidaeque
862 687 894 742 iu
911 685 1030 758 imuqlue
1048 685 1107 742 uidi

374 787 466 840 uuper
484 787 580 840 aquae,
595 771 757 841 placuitque
775 772 842 826 mut
860 788 918 826 meu
936 774 1027 840 formo
1044 772 1158 828 uidenti.

164 897 227 960 que
251 876 460 961 desoriptione
483 875 565 940 redit
581 874 712 942 Ovidius
737 875 774 942 ud
791 877 1002 942 imitationem
1018 878 1085 944 eius
1101 878 1161 944 looi
1177 879 1280 963 idyllii
1296 877 1354 959 VI,

164 999 259 1063 quem
294 981 333 1048 ab
369 999 403 1046 eo
437 981 502 1046 iem
537 979 613 1047 ulihi
647 1000 826 1065 expressum
866 1000 931 1048 esse
970 1001 1063 1065 supra
1097 982 1248 1062 vidimus,
1283 983 1354 1049 dieo

165 1104 276 1150 versus
298 1083 342 1151 34
364 1104 428 1168 eq.:

372 1197 493 1267 καὶγὰρ
513 1198 568 1263 θην
587 1195 649 1250 οὐδ’
667 1197 741 1261 εἶδος
760 1196 817 1263 ἔχω
836 1195 935 1261 κακόν,
954 1197 994 1260 ὥς
1013 1213 1045 1262 με
1063 1197 1191 1263 λέγοντι·

372 1285 389 1351 ἡ
409 1283 465 1352 γὰρ
484 1288 560 1352 rpus
580 1283 608 1347 ἐς
626 1284 736 1339 πόντον
754 1283 918 1349 ἐσέβλεπσν,
937 1283 971 1349 ἧς
990 1284 1021 1338 δὲ
1039 1284 1160 1350 γαλάνσ,

162 1387 324 1470 simulque
347 1393 421 1454 ante
444 1388 549 1453 oeulos
571 1387 686 1454 hebuit
709 1386 843 1470 Vergilii
867 1405 973 1452 versus
997 1387 1056 1453 eol.
1079 1387 1112 1452 II
1135 1388 1177 1454 25
1200 1405 1263 1476 squ

371 1522 421 1560 uec
437 1522 499 1560 eum
516 1505 585 1561 adeo
603 1505 747 1572 informis:
764 1522 857 1575 nuper
875 1522 916 1559 me
933 1507 965 1560 iu
983 1506 1063 1562 litore
1080 1506 1147 1572 uidi,

371 1611 432 1649 oum
446 1593 590 1662 placidum
608 1594 697 1647 ueutrh
713 1599 799 1648 staret
818 1609 901 1648 mare.

269 1700 381 1782 Itaque
403 1701 467 1764 iam
489 1699 529 1764 ad
552 1699 693 1781 proximu
714 1717 897 1784 pergamus,
932 1699 987 1764 ubi
1011 1697 1159 1766 Ouidium
1195 1702 1228 1764 et
1249 1699 1353 1765 Pheo-

159 1803 239 1870 eriti
263 1806 295 1867 et
318 1801 463 1886 Vergilii,
486 1819 564 1885 quos
580 1800 682 1866 adhue
698 1807 824 1868 seoutus
841 1807 899 1884 ost,
915 1802 1130 1870 immemorem
1147 1803 1250 1870 eliens
1271 1803 1352 1869 huno

159 1908 198 1972 iu
222 1906 364 1974 fabulum
388 1905 426 1973 de
449 1904 613 1991 Cyclope
603 1905 749 1972 intulisse
766 1907 939 1975 ostendum.
962 1906 1173 1994 Polyphemus
1189 1905 1353 1973 onimium

159 2012 240 2077 adeo
263 2011 475 2096 superbit,nt
498 2029 565 2076 sose
588 2010 693 2092 ipsum
715 2009 789 2076 inde
813 2028 884 2075 ur.
909 2009 971 2078 842
994 2029 1061 2094 sqq.
1086 2029 1159 2076 oum
1180 2009 1254 2077 Iove
1276 2028 1354 2078 eon·

159 2115 244 2180 ferro
267 2132 327 2181 non
352 2113 492 2179 dubitet.

368 2225 487 2294 adspice,
506 2225 558 2279 eim
577 2230 708 2294 quantus.
728 2240 786 2278 uou
804 2230 843 2278 eet
860 2224 910 2278 hoe
928 2239 1041 2292 corpore
1059 2227 1146 2284 mutor

368 2312 499 2380 Iuppiter
516 2312 548 2364 iu
566 2312 655 2365 eaelo:
672 2327 737 2364 uum
755 2325 802 2365 σοι
819 2325 940 2365 uurrure
958 2311 1051 2366 eolette

368 2399 456 2454 ueeoio
475 2415 554 2470 quem
571 2413 692 2468 tepuere
709 2397 809 2452 Iouem.

156 2496 306 2578 idemque
331 2495 461 2577 adparet
485 2514 501 2560 e
525 2513 553 2560 v.
578 2492 640 2559 857
664 2511 721 2576 sq.‚
745 2492 800 2558 nbi
823 2491 953 2578 Cyclops
975 2494 1052 2560 haee
1074 2495 1167 2563 dicit:

367 2615 467 2683 quique
485 2613 578 2669 Iouem
596 2618 622 2667 et
639 2613 746 2668 caelum
761 2628 863 2681 eperuo
881 2618 906 2667 et
920 2613 1090 2681 penetrabile
1108 2613 1224 2682 sulmeu,

367 2703 462 2766 Nerei,
480 2706 506 2755 te
523 2715 634 2755 uereor:
652 2705 702 2754 tue
718 2699 838 2766 fulmine
855 2699 962 2754 saeuior
978 2700 1024 2754 tra
1041 2705 1088 2755 est.

157 2827 239 2892 quse
264 2827 335 2873 oum
359 2825 415 2872 neo
447 2806 529 2888 apud
552 2804 757 2871 Theocritum
792 2823 848 2870 nee
879 2804 961 2888 apud
984 2803 1159 2888 Vergilium
1192 2806 1340 2892 leguntur

157 2911 329 2997 suspiceris
352 2910 486 2976 fortasse
510 2908 657 2975 Ovidium
679 2909 876 2974 recordatum
900 2927 967 2976 esse
990 2909 1128 2990 Homeri,
1158 2911 1212 2995 qni
1235 2915 1344 2980 eedem

158 3016 226 3081 lere
249 3014 289 3081 de
311 3014 481 3099 Cyelopum
503 3032 615 3097 genere
637 3017 745 3078 narret
769 3012 827 3080 od.
853 3037 862 3079 ι
885 3012 949 3078 275
972 3032 1035 3096 sq.:

368 3135 402 3189 σὺ
420 3134 475 3203 γὰρ
496 3135 648 3199 Κύκλωπες
666 3135 736 3197 Διὸς
754 3131 884 3201 αἰγιόχου
904 3134 1056 3200 ἀλέγουσιν

369 3221 438 3276 οὐδὲ
457 3221 533 3275 θεῶν
552 3220 702 3288 μακάρων,
721 3220 800 3290 ἐπειὴ
821 3221 894 3274 πολὺ
914 3219 1051 3290 φέρτεροί
1068 3219 1154 3288 εἰμεν.

155 3323 217 3390 sed
251 3343 312 3390 non
346 3326 414 3390 tum
453 3325 627 3390 Homerum
667 3323 803 3406 respexit
844 3342 939 3407 quem
981 3324 1140 3408 Euripidis
1180 3325 1348 3410 Cyclopem

157 3448 190 3494 ν.
216 3428 281 3494 320
303 3447 379 3512 sqq,
403 3428 459 3495 ubi
481 3428 559 3494 haee
581 3429 745 3514 leguntur:

365 3540 461 3607 Ζηνὸς
481 3540 505 3593 δ’
525 3541 583 3607 ἐγὼ
602 3540 744 3608 κεραυνὸν
764 3536 1023 3607 neoptolemum

365 3626 430 3680 οὐδ’
448 3627 500 3681 οἷδ’
519 3627 564 3682 ὅτι
582 3627 655 3691 Ζεύς
673 3625 732 3681 ἐστ’
750 3625 821 3691 ἐμοῦ
840 3623 982 3692 κρείσσων
1002 3624 1074 3687 θεὸς.

367 3714 400 3766 oo
422 3730 468 3780 μοι
488 3713 564 3779 μέλει
583 3713 618 3766 τὸ
636 3712 745 3767 λοιπόν.

156 3835 241 3900 quae
263 3834 312 3881 res
336 3835 408 3882 oum
430 3835 484 3899 per
506 3835 539 3882 se
563 3816 687 3892 elamet,
710 3815 742 3883 id
766 3835 863 3882 unum
885 3817 999 3880 addam
1014 3812 1163 3881 Ovidium
1178 3813 1347 3901 Euripides

155 3917 227 3984 οὐδ’
246 3915 310 3984 olo‘
328 3917 499 3984 reddidisse
514 3917 635 3984 verbo
634 3919 757 3985 nosoio'.
775 3937 808 3984 oe
810 3921 914 3984 terum
930 3917 1141 3984 admonitione
1157 3918 1209 3984 rix
1223 3919 1347 4003 indiget

155 4020 266 4104 ipsum
290 4019 470 4103 Euripidem
493 4020 597 4086 redire
620 4022 659 4087 ud
682 4023 865 4088 Homerum.

261 4125 464 4239 Pergentes
456 4145 488 4188 ιιι
505 4123 648 4190 hocloco
664 4124 848 4208 explicando
864 4122 1095 4206 Polyphemum
1109 4124 1197 4191 inde
1198 4141 1260 4190 ur.
1279 4065 1344 4192 844

155 4225 295 4310 eorporis
321 4226 369 4291 sui
402 4226 667 4311 pulchritudinem
689 4223 867 4312 praedicere
901 4225 1053 4291 videmus.
1089 4245 1150 4309 que
1172 4228 1203 4294 in
1226 4247 1258 4294 re
1280 4229 1346 4310 pri·

155 4349 244 4396 mum
272 4329 397 4414 quidem
421 4349 541 4396 eomam
565 4349 655 4396 suem
677 4331 725 4395 his
749 4328 871 4421 extollit
894 4327 1013 4396 verbis:
1046 4339 1049 4348 '

368 4487 805 4504 ......
862 4465 939 4505 coma
952 4450 1079 4518 plurium
1097 4455 1188 4505 toruos

331 4599 335 4607 ι
361 4536 501 4603 prominet
518 4535 550 4590 iu
569 4537 662 4591 uultus
679 4551 846 4606 umerosque,
865 4541 897 4590 ut
915 4537 1003 4601 lucus,
1022 4535 1175 4592 obumbrat.
