3370 5134
612 543 847 611 -165-

340 729 514 800 saturianus
532 731 583 784 trra
600 731 686 785 ocutis
704 736 730 785 et
747 735 880 799 guantum
896 731 1004 797 semina
1021 732 1114 795 saeuit,

393 817 558 884 spectaclum
576 822 659 884 capta
676 832 726 871 mec
743 817 836 871 mimus
853 817 919 871 arbe
937 817 1002 884 fait.

127 924 229 989 quam
252 904 635 992 similitudinemduabus
657 904 886 970 imitationibus
910 904 1062 988 expressit
1078 903 1218 983 Ovidius,
1242 907 1319 976 Met.

130 1009 195 1074 XII
208 1009 272 1074 224
283 1027 340 1092 sq,
353 1008 409 1073 obi
421 1008 628 1093 Lapitharum
640 1013 671 1073 et
683 1007 908 1075 Centaurorum
919 1027 1057 1093 pugnam
1070 1010 1115 1075 sic
1126 1009 1320 1077 illustravit:

339 1128 469 1197 Magius
486 1127 692 1197 Hippodamea,
710 1129 768 1194 etii,
787 1146 867 1198 quom
885 1131 998 1199 quisque
1011 1130 1171 1198 probabant

339 1219 388 1268 aot
405 1219 544 1283 poterant,
563 1216 695 1283 rapiunt·
713 1220 863 1284 captaeque
881 1221 942 1270 erat
960 1216 1037 1270 urbia
1053 1216 1151 1287 imago,

125 1323 163 1387 et
188 1322 283 1387 'trist
306 1321 323 1386 Ι
346 1321 376 1400 3,
393 1321 435 1386 25
450 1338 505 1401 sq,
523 1338 583 1402 quo
599 1320 664 1385 loco
680 1324 787 1386 eadem
803 1321 940 1404 imagine
956 1340 1029 1385 usus
1045 1321 1093 1386 est
1108 1320 1148 1385 ad
1164 1321 1313 1387 miseram

125 1444 220 1491 suam
244 1423 456 1490 condicionem
477 1422 698 1489 illustrandam
722 1443 757 1490 eo
781 1427 930 1505 tempore,
965 1441 1026 1506 quo
1049 1422 1191 1489 Caesaris
1226 1425 1314 1490 iussu

131 1528 263 1592 Romam
286 1526 453 1591 relicturus
475 1530 560 1593 erat:

337 1629 362 1682 et
378 1629 440 1682 ticet
458 1629 588 1696 exemptis
605 1629 637 1682 ic
651 1643 741 1696 pareo
756 1629 909 1699 praedibus
926 1629 977 1694 ati,

389 1714 455 1768 boec
471 1713 557 1780 socies
576 1714 684 1780 Troiae,
703 1730 763 1769 omn
782 1721 933 1783 caperetur,
952 1720 1020 1769 erat.

125 1840 167 1887 ae
191 1821 478 1887 luculentissimum
512 1820 699 1886 imitationis
734 1821 886 1886 indicium
914 1821 1034 1903 estid,
1068 1820 1150 1904 quod
1184 1821 1316 1904 uterque

129 1925 225 2007 poeta
249 1923 365 1987 eisdem
389 1923 453 1987 fere
475 1922 580 1988 verbis
604 1925 653 1989 usi
676 1925 760 1989 sunt.
786 1942 860 1988 nam
881 1925 915 1988 in
937 1943 982 1999 eo,
1007 1926 1088 2007 qnod
1104 1923 1238 1991 Ovidius
1261 1943 1318 2008 pro

128 2028 284 2110 Propertii
307 2044 382 2090 vooe
404 2017 648 2112 spectaculum,
670 2023 836 2110 ‘imaginis'
859 2029 891 2093 et
913 2027 1020 2093 ‘faciei'
1046 2045 1139 2094 voces
1162 2027 1315 2107 adhibuit,

126 2131 211 2195 nibil
233 2129 317 2195 alind
341 2130 531 2214 conspicitur
543 2148 648 2212 ·quam
672 2130 762 2207 illud,
787 2130 924 2213 quadiu
948 2135 1042 2214 poeta
1064 2135 1141 2209 erat,
1173 2131 1316 2200 venandi

123 2234 281 2300 studium.
305 2235 442 2299 ceterum
464 2233 523 2299 boc
546 2252 667 2316 quoque
683 2234 869 2319 urgendum,
886 2237 966 2318 quod
983 2233 1115 2301 Ovidius
1131 2253 1182 2300 eos
1197 2253 1315 2316 versus,

123 2341 182 2421 qui
206 2338 362 2421 Propertii
385 2338 489 2402 locum
511 2338 568 2401 aut
590 2339 778 2404 antecedunt
802 2342 1037 2421 subsecuntur,
1067 2340 1138 2405 aliis
1162 2342 1314 2422 expressit

124 2442 365 2506 imitationibus.
380 2451 451 2523 ‘qua
466 2460 498 2505 re
515 2458 559 2517 ea,
577 2459 656 2523 quae
680 2441 717 2506 de
739 2441 789 2507 bis
812 2442 889 2507 locis
907 2441 1053 2524 diximus,
1071 2461 1165 2525 quam
1181 2443 1316 2510 maxime

123 2547 381 2628 comprobantur.

231 2649 300 2713 Iam
323 2665 372 2711 res
395 2647 464 2729 ipsa
496 2647 657 2730 postulare
691 2648 832 2727 videtur,
868 2651 902 2712 ut
926 2647 1036 2713 statim
1059 2666 1111 2714 eas
1144 2667 1314 2731 perpaucas

124 2752 284 2834 imagines
308 2768 540 2829 recenseamus,
574 2750 607 2815 in
632 2750 746 2834 quibus
769 2751 1000 2816 conscribendis
1024 2749 1155 2817 Ovidius
1179 2752 1313 2818 aliorum

127 2855 253 2940 praeter
274 2855 341 2932 bos,
364 2855 403 2919 de
426 2853 538 2936 quibus
562 2855 739 2918 accuratius
761 2854 969 2937 exposuimus,
994 2856 1156 2935 poetarum
1179 2856 1316 2942 vestigia

121 2962 254 3026 secutus
278 2962 335 3023 est.
361 2976 397 3023 ac
419 2959 519 3040 primo
534 2958 602 3022 loco
618 2958 866 3023 commemorabo
883 2958 1065 3041 imaginem,
1082 2977 1162 3042 qnae
1177 2960 1211 3024 in
1226 2961 1314 3028 Fast.

127 3064 149 3128 l.
174 3064 191 3128 I
213 3082 263 3131 vv.
287 3062 351 3128 493
373 3081 420 3144 sq.
443 3061 576 3144 legitur:

334 3196 413 3236 omme
429 3181 515 3235 aotam
531 3180 602 3247 sorti
616 3182 716 3250 patria
733 3187 781 3248 eat,
799 3187 832 3236 et
845 3181 1009 3250 pedicae)
1025 3198 1136 3252 aequor,

384 3272 417 3321 ut
433 3267 545 3333 uolucri,
562 3282 648 3322 cocao
666 3267 798 3337 quioquid
814 3269 846 3322 ta
863 3268 926 3323 orbe
940 3273 1031 3336 potet.

121 3391 189 3457 qua
210 3372 349 3456 imagine
375 3372 490 3439 collata
520 3392 592 3437 cum
613 3373 719 3456 Eurip.
754 3373 867 3458 fragm.
892 3373 976 3438 1034
998 3373 1038 3439 N.
1062 3373 1148 3440 ἅπας
1169 3376 1227 3455 μὲν
1249 3374 1312 3458 ἀὴρ

121 3479 212 3565 ἀετῷ
235 3478 424 3560 περάσιμος,
448 3477 560 3543 ἅπασα
582 3479 619 3544 δὲ
641 3479 729 3558 χθὼν
751 3477 843 3558 ἀνδρὶ
864 3478 1000 3564 γενναίῳ
1015 3480 1130 3558 πατρίς
1145 3481 1212 3544 tam
1229 3482 1314 3546 certa

126 3582 371 3668 deprehenditur
385 3581 532 3659 imitatio,
548 3583 585 3647 ut
600 3600 667 3645 rem
681 3575 823 3663 pluribus
835 3599 987 3664 exponere
999 3583 1144 3664 putidum
1156 3581 1312 3650 videatur.

228 3683 299 3750 Non
321 3685 425 3751 minus
448 3685 608 3750 luculenta
629 3684 818 3750 imitationis
848 3685 965 3750 indicia
993 3685 1191 3768 reperiuntur
1218 3685 1253 3750 in
1276 3706 1313 3752 ea

123 3791 277 3875 imagine,
307 3807 369 3872 qua
402 3791 495 3872 poeta
516 3806 552 3854 ex
574 3788 611 3856 P.
633 3789 680 3853 IV
705 3789 758 3865 14,
784 3787 892 3872 resq.
916 3789 1045 3868 indicat,
1080 3792 1196 3872 quanto
1219 3808 1311 3874 opere

120 3893 194 3978 ipse
216 3892 284 3958 loca
305 3893 390 3958 exilii
413 3894 462 3958 sui
484 3894 597 3958 oderit:

331 3995 461 4065 promissa
478 3995 568 4049 cultae
585 4010 659 4064 oper,
676 3994 768 4066 [ripas
785 3995 876 4048 micae
893 3993 952 4049 odit
969 3994 1097 4061 timido,

382 4082 511 4150 proxima
528 4080 685 4137 Marticolis
702 4098 783 4150 qaam
800 4083 861 4136 loce
878 4081 956 4136 Naso
977 4080 1060 4136 Getis.

231 4253 265 4320 ⁴⁴)
284 4251 343 4320 Qua
361 4269 420 4306 curn
439 4267 503 4306 voce
520 4253 656 4320 conspirat
673 4253 764 4320 imago
782 4251 914 4307 ovidiana
933 4252 997 4306 niet.
1016 4251 1084 4307 VIIl
1102 4257 1161 4307 ooo.

230 4338 262 4406 ⁴⁵)
282 4339 342 4406 Qua
359 4339 494 4394 occasione
512 4353 719 4392 commemorare
746 4337 815 4391 mihi
842 4338 923 4392 liceat
941 4335 1069 4391 Ovidium
1099 4339 1205 4407 saepius
1224 4338 1309 4405 pisces

120 4425 152 4478 in
171 4423 399 4479 similitudinibus
417 4423 562 4488 induxisse,
589 4439 642 4493 qna
659 4439 687 4477 re
705 4427 795 4478 tamen
814 4422 1003 4477 multitudinis
1021 4421 1212 4498 tantummodo
1231 4422 1309 4475 notio

123 4510 310 4568 adumbratur.
338 4508 437 4564 ideirco
463 4509 512 4562 hos
538 4509 609 4563 locos
636 4508 753 4563 breviter
779 4525 932 4564 enumcrare
959 4508 1090 4564 sufficiet:
1118 4510 1151 4563 A.
1175 4511 1207 4563 Δ.
1230 4506 1313 4574 Iea;

122 4595 207 4654 Trist.
227 4595 266 4651 1v
287 4602 309 4662 1,
329 4601 376 4663 563
394 4594 419 4650 V
437 4601 461 4661 2,
480 4601 529 4658 2ᾶ;
547 4611 577 4649 ex
596 4595 625 4650 P.
645 4595 670 4649 11
689 4599 713 4662 i,
732 4599 775 4650 28.
