3366 5132
642 518 854 584 ...69-

142 705 318 772 tribuunt?
348 707 402 770 sed
426 707 502 772 baec
525 727 575 773 res
598 707 787 772 accuratiore
811 707 937 773 demum
961 707 999 771 de
1028 706 1185 772 codicibus
1216 706 1339 772 Italicis

142 809 504 892 quaestione-instituta
528 811 567 876 ad
591 811 748 894 liquidum
772 809 898 893 perduci
921 809 1096 894 potitiae)

255 911 521 978 similitudinibus
544 913 583 977 ad
607 913 757 979 animalia
779 897 1009 995 pertinentibus
1027 913 1199 991 recensitis,
1224 912 1338 997 quibus

143 1015 282 1082 Ovidius
305 1016 450 1082 Lucretii
473 1017 626 1099 spectarit
650 1017 886 1097 auctoritatem,
920 1016 983 1080 iam
1006 1017 1046 1081 ad
1070 1034 1182 1081 novam
1205 1017 1338 1083 classem

145 1119 325 1203 imaginum
350 1139 386 1184 ex
410 1122 455 1184 eis
478 1120 571 1185 rebus
593 1120 774 1202 petitarum,
799 1139 878 1203 quae
901 1138 958 1185 sua
986 1120 1053 1202 ipsa
1084 1124 1195 1185 natura
1224 1119 1337 1198 fluunt,

141 1224 343 1288 accedamus.
379 1243 439 1306 qua
462 1225 495 1288 in
517 1243 549 1287 re
570 1223 661 1289 initio
696 1228 835 1288 mentem
870 1226 1011 1288 nostram
1039 1225 1077 1288 ad
1107 1225 1335 1290 sententiarum

145 1328 264 1393 seriem
297 1328 496 1393 advertamus
521 1329 652 1410 oportet,
677 1346 764 1410 queo,
796 1327 855 1393 etsi
881 1328 1049 1394 maximam
1073 1330 1194 1410 partem
1218 1329 1256 1393 ab
1280 1330 1338 1396 hoe

141 1432 397 1496 similitudinum
425 1451 536 1515 genere
558 1432 676 1497 alienae
699 1433 783 1508 sunt,
807 1436 913 1496 tamen
936 1433 1032 1497 simul
1056 1433 1196 1498 cumeis
1219 1432 1337 1515 optime

146 1536 337 1613 tractantur,
361 1535 435 1616 quia
459 1536 516 1600 hac
537 1537 658 1599 ratione
681 1553 715 1599 eo
739 1535 854 1600 certius
871 1533 1158 1618 atqueeuidcutius
1175 1537 1336 1601 decanum

143 1639 271 1722 origine
295 1639 412 1721 poterit
435 1637 576 1703 iudicari.

253 1741 433 1824 Zingerleus
457 1744 541 1806 enim
563 1743 594 1808 H
619 1742 659 1806 14
682 1743 759 1807 scite
782 1741 971 1820 observavit,
1015 1761 1109 1824 quam
1134 1741 1273 1807 multum
1296 1743 1334 1808 ad

143 1849 256 1930 poetas
290 1847 446 1912 Romanos
481 1867 517 1912 ea
551 1848 685 1912 valuerit
720 1847 886 1929 descriptio
910 1847 1095 1911 Lucretiaua
1118 1847 1151 1912 in
1175 1849 1195 1912 l.
1221 1847 1247 1929 Ι,
1274 1867 1335 1930 qua

143 1951 205 2014 ille
229 1951 441 2016 demonstrare
465 1954 595 2015 curratur
618 1952 724 2016 omnia
747 1952 950 2016 redeuntibus
984 1951 1075 2016 annis
1112 1951 1210 2015 deteri
1243 1953 1336 2034 atque

143 2055 306 2139 consumi3
330 2054 370 2119 ef.
394 2074 443 2119 vv.
469 2055 532 2118 312
555 2073 638 2136 sqq:

253 2277 284 2342 ²³)
303 2275 382 2330 Hunc
399 2275 592 2345 disputationis
605 2277 693 2330 locum
707 2277 824 2346 explesse
836 2294 888 2331 nou
902 2277 1063 2342 videremur,
1077 2276 1130 2330 nisi
1143 2276 1223 2330 uerbo
1237 2276 1334 2330 saltem

141 2361 179 2416 de
198 2361 317 2415 eiusdem
343 2363 451 2432 generis
479 2363 716 2428 similitudinibus,
746 2379 814 2432 quae
841 2363 913 2432 apud
936 2363 1112 2433 Apollonium
1141 2367 1169 2417 et
1187 2363 1335 2416 Homerum

143 2449 290 2516 leguntur,
309 2463 507 2518 exponeremus,
527 2452 559 2502 ut
576 2449 732 2504 coniectura
756 2449 927 2518 opinantium
952 2447 1079 2504 Ovidium
1104 2449 1274 2518 aliquatenus
1298 2450 1332 2504 ad

143 2535 260 2590 illorum
288 2537 409 2606 exempla
435 2553 492 2590 sese
520 2536 682 2606 adplioasse,
710 2553 817 2606 prorsus
844 2541 1019 2594 evanesceret.
1051 2537 1194 2591 Bussenius
1212 2538 1285 2592 euim
1304 2537 1333 2590 iu

139 2621 374 2676 commentatione
392 2624 424 2678 de
443 2623 545 2677 Valerii
565 2623 654 2677 Flacci
682 2623 711 2676 in
730 2624 976 2692 comparationibus
1001 2623 1159 2678 adhibendis
1187 2640 1237 2676 usu
1255 2639 1281 2690 p.
1301 2628 1331 2676 11

140 2709 260 2761 alteram
279 2709 396 2778 Vergilii
415 2709 563 2778 imaginem
575 2711 639 2764 den.
659 2709 689 2763 11
709 2715 758 2762 471
778 2725 844 2779 sqq,
865 2726 895 2763 ex
916 2726 968 2779 qua
988 2725 1096 2778 serpens
1115 2709 1211 2778 positis
1231 2708 1332 2762 exuviis

141 2794 236 2848 nitida
253 2795 402 2859 exhibetur,
427 2812 488 2849 curn
507 2795 644 2864 Apollonii
672 2795 855 2850 similitudine
873 2797 939 2866 Arg.
957 2796 999 2851 IV
1018 2801 1084 2851 1539
1104 2811 1161 2865 sqq.
1184 2795 1331 2862 contendit,

141 2881 194 2934 ubi
213 2883 286 2950 Argo
305 2882 412 2950 paludis
431 2883 531 2936 ostium
550 2897 680 2951 quaerens
700 2882 844 2942 oberrabat

353 2988 392 3050 ιίις
411 2987 442 3040 δέ
462 2987 577 3054 δράκων
596 2988 714 3053 σκολιὴν
733 2986 889 3052 εἱλιγμένος
908 2988 1020 3056 ἔρχεται
1039 2987 1131 3053 οἶμον,

351 3071 418 3126 εύτέ
438 3089 483 3138 μιν
503 3073 644 3128 ὀξύτατον
663 3074 765 3128 θάλπει
783 3074 869 3137 σέλας
887 3072 1007 3140 ἠελίοιο·

353 3158 440 3227 ῥοίζῳ
463 3158 488 3211 δ’
507 3159 577 3214 ἔνθα
595 3162 641 3214 καί
660 3160 729 3214 ἔνθα
748 3161 821 3228 κάρη
841 3160 969 3228 στρέφει,
988 3160 1019 3214 έν
1039 3159 1069 3214 δέ
1088 3159 1115 3213 ol
1133 3160 1201 3214 ὄσσε

355 3245 581 3312 σπινθαρύγεσσι
600 3247 689 3313 πυρὸς
706 3244 850 3311 ἐναλίγκια
870 3247 1029 3312 μαιμώοντι

351 3333 498 3397 λάμπεται,
518 3331 595 3399 appu
615 3333 738 3398 μυχόνδε
758 3332 803 3385 διὰ
822 3334 951 3399 ῥωχμοῖο
971 3331 1084 3398 δύηται.

141 3435 191 3489 aed
219 3451 262 3489 me
289 3433 377 3489 multo
404 3437 505 3489 maiore
532 3435 591 3500 iure¹
619 3435 730 3489 eandem
746 3434 863 3503 Vergilii
889 3434 1038 3503 imaginem
1066 3449 1127 3487 eum
1159 3433 1331 3488 Lueretiauis

141 3519 372 3590 descriptionibus
390 3537 470 3590 supra
494 3521 641 3591 propositis
669 3521 815 3575 contulisse
842 3521 921 3574 iaoile
949 3520 1083 3586 concedes,
1112 3519 1329 3589 quandoquidem

144 3607 290 3676 utrubique
316 3607 415 3677 anguis
441 3610 543 3662 uestem
574 3623 671 3662 exuens
698 3607 844 3671 inducitur,
870 3606 1010 3675 Apollonii
1037 3609 1128 3660 autem
1154 3606 1245 3675 imago
1272 3622 1332 3662 cum

143 3693 303 3764 Vergiliana
328 3695 427 3748 collate
457 3694 526 3748 uihil
552 3694 607 3750 iere
634 3710 774 3748 commune
802 3693 892 3757 habet,
920 3693 975 3747 uisi
1002 3693 1072 3746 forte
1096 3695 1175 3762 putea
1201 3693 1279 3760 huuc,
1308 3694 1331 3748 si

140 3782 268 3850 ‘anguem
287 3779 399 3834 arduum
419 3780 452 3833 ad
471 3780 552 3834 solem
572 3785 599 3834 et
618 3780 720 3850 linguis
738 3796 782 3833 ore
801 3780 922 3834 trisulcis
942 3779 1098 3834 micantem’
1117 3779 1234 3846 exhibet,
1261 3780 1332 3835 illud

144 3869 235 3932 σέλας
253 3865 360 3934 ἠελίοιο
389 3869 416 3920 et
435 3868 595 3933 μαιμώοντι
625 3869 790 3934 expressisse.
822 3866 908 3920 multo
936 3866 1025 3935 aptius
1053 3868 1144 3920 autern
1171 3867 1229 3920 siue
1247 3866 1331 3922 dubio

142 3953 239 4008 eudem
257 3953 396 4022 Apollonii
414 3958 504 4022 imago
521 3969 581 4008 cum
601 3954 689 4022 priore
709 3953 825 4021 Vergilii
843 3952 1027 4006 similitudine
1044 3953 1111 4006 Asu.
1124 3951 1148 4006 V
1161 3957 1211 4008 aia
1224 3969 1282 4022 sqq.
1300 3969 1331 4008 ex

141 4039 244 4110 anguis
261 4038 384 4094 mutilati
402 4042 503 4095 natura
519 4039 608 4109 petite
626 4039 839 4108 comparabitur,
867 4043 1005 4107 propterea
1030 4039 1102 4108 quod
1121 4042 1233 4108 uterque
1252 4043 1332 4110 poeta

141 4125 244 4194 anguis
262 4125 408 4194 imaginem
426 4124 461 4180 ad
479 4141 558 4180 unam
576 4124 742 4196 eandemque
760 4141 817 4180 rem
829 4123 1019 4180 illustrandam
1031 4125 1165 4190 adhibuit,
1178 4125 1281 4182 scilicet
1299 4130 1331 4182 ut

145 4212 224 4266 navis
243 4226 338 4265 cursus
355 4210 410 4265 hnc
428 4210 494 4265 illue
512 4209 663 4264 oberrantis
682 4210 866 4266 adumbretur.
885 4211 954 4264 unde
972 4213 1048 4281 patet
1060 4209 1213 4280 Vergilium
1226 4215 1331 4284 praeter

145 4295 264 4353 Lucretii
282 4295 379 4366 anguis
397 4295 519 4352 mutilati
538 4296 741 4366 descriptionem
770 4297 855 4351 etiam
873 4298 1012 4366 Apollonii
1038 4297 1227 4352 similitudinis
1245 4315 1331 4353 recor-

143 4381 237 4437 datum
265 4399 328 4436 esse.
358 4383 495 4452 ipsoram
517 4382 678 4452 Apollonius
701 4383 843 4438 manifesto
866 4400 923 4439 sese
944 4385 1094 4453 composuit
1117 4384 1152 4440 ad
1174 4383 1330 4451 Homerum,

144 4469 192 4536 qui
218 4469 252 4524 Il.
271 4485 288 4537 χ
307 4473 340 4523 93
367 4483 424 4539 sqq.
451 4469 592 4524 Hectorem
621 4485 675 4524 non
702 4469 868 4524 recedentem
897 4471 1003 4525 confert
1029 4485 1091 4524 cum
1118 4470 1231 4526 draoorm
1257 4470 1332 4526 mala

146 4568 243 4610 nenena
260 4557 336 4624 pasto
355 4559 383 4610 et
400 4555 489 4610 virum
508 4559 685 4626 exspectante.
