3366 5132
834 517 1043 582 ..12-

343 722 406 794 que
436 705 469 769 in
497 701 706 770 similitudine
736 701 959 769 conscribenda
986 702 1110 768 Maroni
1140 703 1236 768 etiam
1264 703 1393 769 Homeri
1421 703 1524 787 imago

346 805 403 872 Od.
427 831 450 873 π
472 808 535 875 216
557 826 625 890 sqq.
658 808 819 872 obversata
854 825 920 873 esse
941 808 1082 884 videtur,
1118 805 1191 890 qnia
1223 806 1269 872 ibi
1303 824 1422 891 quoqne
1444 807 1524 890 pulli

345 910 513 995 implumes
526 913 564 977 ab
576 912 699 977 aratore
711 912 793 994 rapti
806 911 1098 990 commemorantur,
1115 909 1227 994 quibus
1240 910 1367 976 orbatae
1379 912 1522 995 parentes

345 1014 578 1082 lamentabilem
602 1016 727 1080 eentum
750 1015 913 1096 emittunt,
943 1032 1076 1098 quodum
1106 1019 1233 1098 questus
1264 1013 1365 1080 Ulixis
1397 1017 1524 1099 eiusque

344 1116 423 1202 filii,
447 1118 501 1200 qui
522 1136 589 1184 sese
610 1116 744 1182 invicem
767 1122 973 1202 agnoverant,
997 1121 1228 1202 comparantur.

447 1237 577 1305 Ovidius
615 1241 720 1305 autem
757 1240 885 1306 eandem
922 1239 1094 1324 imaginem
1138 1239 1388 1306 commodissime
1431 1241 1522 1306 adbi-

344 1341 448 1407 buisse
481 1343 638 1426 putandus
672 1345 719 1410 est
752 1343 837 1408 Hest.
861 1342 907 1407 IV
929 1344 992 1408 481
1026 1363 1082 1426 sq,
1117 1361 1178 1426 quo
1211 1344 1278 1410 looo
1312 1361 1348 1409 ea
1382 1341 1526 1410 (tererem

344 1443 444 1510 filiam
467 1447 614 1511 amissam
637 1451 818 1528 querentem
840 1447 933 1528 atque
946 1445 1122 1512 >deflentem
1146 1445 1335 1512 illustravit:

549 1581 718 1635 quocumque
736 1565 1025 1637 inpraesentarium
1043 1567 1103 1621 toea
1121 1572 1222 1621 canoto
1240 1567 1367 1634 querellis

603 1653 706 1723 duplet,
724 1660 755 1708 ut
773 1655 902 1708 amissum
920 1670 981 1710 oum
993 1653 1077 1723 pemit
1094 1653 1151 1707 oleo
1168 1653 1244 1722 Ityn.
1375 1725 1378 1730 1

345 1776 405 1841 qno
434 1757 501 1824 loeo
530 1758 644 1825 collate
680 1776 751 1824 eum
781 1758 913 1838 Vergilii
954 1759 1090 1840 imagine
1123 1775 1217 1840 supra
1240 1758 1378 1842 adlata,
1413 1761 1523 1843 sponte

345 1860 475 1943 adponet
504 1861 607 1926 Ovidii
636 1863 733 1928 verba
760 1861 895 1928 ‘miseris
925 1861 993 1927 loea
1023 1864 1136 1926 eunota
1165 1861 1318 1943 querellie’
1340 1863 1407 1927 tam
1429 1880 1527 1946 prope

345 1965 490 2029 aooedere
513 1965 553 2030 ad
577 1964 710 2048 Vergilii
733 1982 858 2030 versum
887 1963 1021 2030 ‘maestis
1043 1964 1107 2029 late
1131 1964 1199 2029 looa
1217 1965 1379 2046 questibus
1393 1965 1526 2049 implet,

346 2067 391 2149 nt,
415 2068 490 2133 lieet
512 2067 587 2134 haee
609 2070 702 2134 verba
725 2069 763 2134 de
785 2086 857 2146 are,
887 2068 944 2133 illa
966 2071 1003 2134 de
1025 2065 1135 2133 (terere
1158 2068 1243 2133 diota
1264 2069 1344 2148 sint,
1368 2068 1526 2135 Nasonem

346 2171 452 2236 tamen
481 2170 568 2238 illius
602 2173 711 2254 poetae
744 2170 913 2256 imaginem
945 2173 1018 2236 ante
1047 2169 1151 2236 oeulos
1180 2171 1327 2237 habuisse
1356 2173 1422 2238 inre
1453 2189 1526 2238 oon·

346 2273 434 2340 tendi
458 2277 559 2357 queat.

447 2398 561 2463 Arium
583 2397 785 2482 imaginibus,
810 2401 962 2480 quatenus
996 2399 1034 2463 ad
1063 2397 1192 2464 Homeri
1222 2400 1360 2464 earmina
1387 2399 1527 2465 reuocari

345 2503 487 2581 possunt,
511 2501 674 2566 recensitis
696 2503 761 2566 iam
785 2502 899 2567 adeas
923 2502 1159 2586 progrediamur
1181 2499 1416 2583 similitudines,
1447 2517 1525 2586 quae

344 2609 384 2672 ad
408 2605 622 2689 quadrupedes
644 2605 813 2688 pertinent.
837 2625 853 2670 e
876 2604 990 2689 quibus
1013 2605 1115 2689 primo
1138 2606 1206 2671 loeo
1228 2604 1321 2690 tigris
1338 2605 1527 2672 nominanda

345 2711 404 2793 est,
428 2727 523 2793 quam
538 2707 671 2795 Ovidius
694 2709 742 2775 bis
765 2709 798 2774 in
814 2706 1077 2775 similitudinibus
1091 2709 1224 2788 induxit,
1240 2708 1318 2774 Met.
1336 2709 1363 2773 V
1381 2709 1443 2775 164
1458 2727 1525 2794 οηη.

345 2819 377 2879 et
400 2814 531 2880 V1636
554 2832 618 2898 sq.;
653 2813 823 2895 exquibus
859 2813 994 2879 alterum
1015 2813 1133 2890 locum,
1165 2813 1277 2895 quippe
1300 2814 1354 2895 qui
1376 2812 1525 2896 pusillam

343 2919 479 3000 quidem,
489 2935 597 2982 verum
610 2921 714 2981 temen
721 2916 806 2981 haud
812 2914 1195 3000 neglegendampraebeat
1202 2915 1442 2983 similitudinem
1455 2935 1527 2983 oum

344 3021 475 3086 Homeri
487 3020 624 3106 imagine
636 3020 781 3103 quadam,
801 3018 851 3084 hie
868 3019 1004 3085 breuiter
1019 3022 1153 3085 traotare
1169 3019 1272 3085 lineat.
1297 3019 1417 3087 Proone
1430 3020 1525 3100 enim,

344 3143 418 3190 enm
440 3125 579 3209 coniugis
605 3122 770 3189 libidinem
794 3140 959 3205 oasnmque
991 3139 1156 3206 germanae
1179 3123 1393 3206 comperisset,
1423 3127 1526 3192 soelus

344 3229 460 3294 eoelere
480 3229 588 3294 ultnra
610 3227 712 3292 filium
733 3226 807 3309 Ityn
829 3224 1008 3292 interimere
1032 3225 1206 3292 eonstituit.
1246 3229 1298 3308 qui
1321 3247 1393 3293 oum
1414 3228 1526 3294 matris

345 3333 425 3398 eollo
454 3330 583 3398 braebia
612 3350 708 3414 parva
744 3330 933 3396 admovisset
965 3328 1054 3412 eique
1085 3327 1258 3410 puerilibus
1292 3330 1526 3398 adulationibus

344 3437 452 3503 osenla
471 3436 617 3514 dedisset,
641 3439 727 3500 mota
750 3438 797 3500 est
819 3433 962 3516 genetrix
985 3437 1078 3516 etque
1101 3431 1183 3498 oeuli
1206 3433 1355 3498 maduere
1385 3435 1526 3500 laerimie

345 3539 473 3606 obortis.
511 3540 677 3622 postquem
707 3543 811 3604 autem
842 3555 877 3602 ea
900 3556 1006 3603 rursus
1035 3537 1140 3602 oculos
1163 3537 1203 3603 ad
1226 3537 1340 3604 sororis
1363 3541 1525 3623 stupratae

345 3643 458 3708 feoiem
481 3643 612 3726 deflexit,
639 3661 719 3709 nova
740 3645 788 3708 ira
810 3660 961 3707 suooensa
984 3644 1077 3725 atque
1100 3641 1224 3706 furens:

534 3817 539 3834 ,
651 3764 739 3818 traxit
757 3761 835 3832 Ityn,
853 3761 939 3816 ueluti
961 3760 1113 3832 Gangetica
1131 3774 1226 3814 οοαοαα

549 3852 693 3906 lactentem
704 3851 796 3916 fetum
813 3865 864 3918 per
881 3848 965 3903 siloas
983 3847 1062 3918 tigria
1081 3863 1190 3916 opoeos.

343 3957 396 4023 oui
410 3959 476 4023 loeo
492 3956 605 4022 similis
630 3958 764 4041 quodam
780 3956 872 4020 modo
886 3956 992 4039 imago
1011 3974 1030 4020 a
1045 3954 1187 4020 leonibus
1204 3959 1329 4039 sumpta
1343 3957 1428 4021 extat
1443 3956 1526 4038 apud

344 4063 517 4127 Homerum
550 4061 588 4125 ΙΙ.
612 4082 630 4126 ν
662 4061 722 4125 198
750 4078 827 4144 sqq,
867 4060 921 4125 ubi
949 4061 1008 4146 duo
1037 4059 1147 4124 Aieees
1179 4057 1344 4124 bellatores
1372 4057 1525 4123 Imbrium

343 4163 408 4230 alte
430 4163 570 4228 tenentes
594 4168 686 4246 atque
714 4163 875 4228 trahentes
899 4163 1101 4228 conferuntur
1130 4182 1201 4228 oum
1224 4161 1344 4228 duobus
1373 4161 1526 4246 leonibus,

343 4269 397 4350 qui
420 4285 560 4353 oapreem
585 4267 714 4332 oanibus
739 4269 877 4350 ereptam
900 4268 1005 4333 ferunt
1028 4287 1083 4350 per
1107 4267 1203 4333 densa
1226 4265 1376 4349 uirgulta:

552 4389 628 4442 ὥστε
649 4387 691 4442 δύ’
711 4389 776 4453 αῑγα
795 4388 896 4443 λέοντε
914 4392 1009 4442 κυνῶν
1027 4389 1083 4442 ὕπο
1102 4389 1345 4456 καρχαροδόντων

551 4473 712 4543 ἁρπάξαντε
732 4474 860 4542 φέρητον
879 4473 934 4526 ἀνὰ
954 4473 1069 4540 ῥωπήϊα
1087 4473 1188 4537 πυκνά,

549 4563 627 4628 ὑψοῦ
647 4563 718 4628 ὑπὲρ
736 4560 820 4627 γαίης
839 4561 909 4626 μετὰ
927 4564 1114 4629 γαμφηλῇσιν
1133 4563 1243 4627 ἔχοντε.
