3370 5134
842 518 1076 582 -110-

572 709 657 772 utque
673 704 741 757 solet
758 703 848 757 ceretae
866 702 996 756 elementa
1014 702 1159 757 adsumere
1176 719 1300 772 quaeque

570 805 661 858 porca
677 790 727 844 aab
744 789 860 843 Inducta
878 790 963 844 latuit
980 790 1101 843 sciate'lla
1118 788 1217 854 favilla

572 891 690 930 creseere
708 882 734 929 et
751 877 782 928 ιἰι
799 881 902 929 ueteres
920 876 1029 944 agitata
1047 891 1191 946 resurgere
1208 877 1288 939 utres,

572 963 611 1015 sic
628 964 684 1016 iam
702 963 793 1016 lentas
811 977 896 1022 anaor,
915 962 972 1015 iam
990 977 1069 1030 quem
1086 963 1218 1033 languere
1233 968 1361 1030 pateres,

571 1055 604 1103 et
621 1049 691 1104 otde‘t
709 1051 841 1114 iuuenem,
860 1050 949 1117 speeie
962 1051 1121 1117 praesentis
1139 1049 1250 1102 inarsit.

357 1187 499 1251 equarum
521 1171 697 1254 imaginum
721 1174 752 1236 in
776 1173 877 1236 altera
899 1172 965 1236 sine
981 1172 1074 1238 dubio
1091 1171 1250 1256 Apollonii
1273 1171 1390 1252 pressit
1408 1170 1548 1256 vestigia,

357 1275 421 1354 «qui
444 1275 519 1360 Arg.
543 1277 595 1340 III
618 1276 679 1341 291
705 1295 771 1359 sqq.
797 1277 896 1341 simili
919 1276 1039 1340 ratione
1058 1277 1186 1341 Medeae
1209 1295 1346 1341 amorem
1361 1275 1552 1343 illustravit:

575 1398 614 1460 ιύς
633 1397 663 1450 δέ
682 1399 756 1463 γυνὴ
777 1400 890 1465 μαλερῷ
909 1398 974 1464 περί
993 1397 1106 1464 κάρφεα
1124 1398 1230 1464 χεύατο
1250 1397 1327 1464 δαλῷ

572 1487 713 1551 χερνῆτις,
730 1488 821 1552 τῇπερ
841 1483 983 1549 ταλασήία
1002 1484 1072 1550 ἔργα
1093 1483 1224 1549 μέμηλεν,

575 1571 615 1632 ὥς
633 1587 682 1624 κεν
700 1571 870 1637 ὑπωρόφιον
889 1570 1005 1637 νύκτωρ
1025 1570 1110 1632 σέλας
1128 1570 1289 1634 ἐντύναιτο,

574 1655 639 1722 άγχι
659 1656 722 1721 μάλ’
741 1656 896 1723 ἐγρομένη·
919 1657 953 1709 τὸ
974 1656 999 1708 δ’
1018 1656 1186 1722 ἀθέσφατον
1206 1657 1234 1711 ἐξ
1253 1654 1361 1722 ὀλίγοιο

574 1743 661 1796 δαλού
682 1742 875 1810 ἀνερχόμενον
895 1744 949 1796 σύν
968 1743 1081 1810 κάρφεα
1099 1742 1183 1796 πάντ’
1202 1741 1353 1807 ἀμαθύνει·

573 1833 652 1891 τοῖος
670 1830 726 1882 ύπύ
745 1827 847 1897 κραδίῃ
867 1827 1013 1893 εἰλυμένος
1032 1829 1130 1883 αἴθετο
1150 1828 1240 1895 λάθρη

573 1914 657 1977 ούλος
676 1915 761 1981 ἐρως·

364 2035 436 2115 ipse
459 2035 566 2099 autem
599 2035 785 2116 Apollonius
820 2035 899 2099 mihi
932 2037 1066 2118 pendere
1101 2037 1226 2100 videtur
1260 2055 1295 2099 ex
1318 2034 1465 2118 Homero,
1500 2034 1550 2118 qui

364 2137 428 2226 Od.
452 2161 468 2206 ε
490 2140 553 2204 488
578 2158 643 2222 sqq.
668 2139 794 2204 Ulixem
817 2141 862 2205 ita
885 2159 917 2204 se
942 2140 1027 2204 foliis
1051 2140 1223 2204 contexisse
1246 2141 1340 2205 dicit:

575 2261 614 2322 ὼς
633 2258 656 2310 δ’
675 2261 724 2313 ὅτε
742 2275 784 2322 τις
804 2260 892 2313 δαλὸν
910 2261 1012 2328 σποδιῇ
1033 2260 1174 2328 ἐνέκρυψε
1193 2258 1309 2328 μελαίνῃ

574 2345 664 2412 ἀγροθ
684 2345 727 2399 ἐπ’
746 2347 887 2412 ἐσχατιῆς,
907 2347 930 2414 ᾧ
951 2349 988 2413 μὴ
1007 2347 1086 2413 πάρα
1104 2345 1231 2411 γείτονες
1249 2347 1336 2409 ἄλλοι,

574 2433 685 2500 σπέρμα
704 2434 794 2500 πυρὸς
813 2435 924 2501 σῴζων,
942 2433 990 2487 ἵνα
1011 2433 1048 2498 μή
1068 2435 1156 2487 ποθεν
1175 2434 1294 2486 ἄλλοθεν
1314 2432 1380 2500 αύῃ.

363 2574 442 2620 nam
466 2554 666 2637 quantumvis
684 2554 842 2636 Apollonii
865 2555 970 2636 imago
994 2555 1032 2618 ab
1056 2555 1183 2618 Homeri
1207 2552 1417 2618 similitudine
1441 2555 1546 2628 distet,

368 2664 486 2736 tamen,
511 2657 697 2740 quicumque
719 2658 854 2722 rationes
878 2659 985 2740 poetae
1010 2658 1212 2722 Alexandrini
1241 2660 1420 2740 perspectas
1445 2658 1547 2738 cogni-

359 2766 477 2843 ·tasque
500 2761 653 2837 habnemt
678 2760 769 2824 facile
792 2760 854 2824 sibi
877 2760 1075 2842 persuadebit
1099 2761 1183 2824 bunc
1206 2761 1378 2842 imaginem
1400 2779 1490 2824 suam
1514 2765 1550 2825 ad

368 2863 497 2930 Homeri
520 2864 695 2946 exemplum
719 2863 938 2928 conformasse.

472 2985 591 3050 UltImo
614 2985 680 3048 loco
703 2983 740 3046 de
770 2987 813 3048 eis
848 3003 977 3067 agamus
1012 2983 1286 3058 similitudinibus,
1324 3003 1402 3066 quae
1425 3004 1463 3048 ex
1484 2985 1550 3070 igni

370 3105 480 3154 voraoe
502 3089 553 3151 vel
576 3106 591 3151 e
615 3085 794 3150 fornacibus
818 3089 999 3170 erumpente
1034 3089 1148 3168 petitae
1171 3091 1255 3156 sunt.
1288 3106 1350 3169 qua
1371 3087 1405 3152 in
1428 3107 1461 3153 re
1486 3088 1550 3153 iam

358 3190 504 3255 uidimus
539 3188 686 3254 Ovidium
720 3209 755 3253 ea
777 3190 916 3254 Lucretii
951 3191 1163 3274 disputatione
1196 3191 1234 3254 de
1258 3191 1378 3256 Aetnae
1413 3193 1548 3276 ignibus,

356 3312 447 3376 quae
472 3293 517 3357 VI
542 3293 605 3358 639
624 3282 694 3374 sqq.
720 3292 764 3356 sIc
786 3291 963 3359 incohatur:

572 3426 647 3464 nune
664 3411 736 3464 ratio
755 3412 887 3479 quaesit,
903 3429 957 3480 μοι·
974 3410 1071 3476 faeces
1088 3414 1189 3466 montis
1207 3417 1238 3467 at
1255 3413 1362 3468 Aetnae

573 3499 701 3567 expirent
717 3499 795 3566 e‘qrees
813 3500 885 3552 enter
903 3497 969 3552 dum
987 3499 1200 3565 turbinatam,

572 3583 723 3652 expediam,

355 3707 535 3771 excitatum
570 3725 653 3779 esse.
688 3710 725 3771 nt
748 3707 982 3792 Erysichthonis
1007 3711 1124 3775 famem
1156 3711 1370 3777 insatiabilem
1405 3711 1489 3778 hunc
1519 3715 1550 3777 in

357 3812 495 3875 ‚modum
518 3814 694 3874 exornaret:

571 3933 656 3996 utque
674 3947 766 3998 rapax
783 3931 857 4001 ignis
874 3948 930 3986 non
947 3949 1077 4001 umquem
1095 3934 1227 3988 alimenta
1245 3940 1351 3989 receset

571 4015 786 4084 tancmeresqae
804 4018 896 4072 trebes
913 4025 1014 4073 mercat
1032 4025 1065 4085 et,
1085 4037 1138 4088 quo
1157 4022 1237 4089 copto
1255 4022 1343 4096 maior

573 4106 612 4154 est
630 4101 705 4168 deta,
721 4103 808 4171 plora
821 4105 892 4172 petit
911 4106 1044 4174 turboque
1061 4107 1189 4162 neronior·
1205 4108 1267 4174 epea
1284 4114 1337 4178 est,-

355 4221 409 4286 ·cf.
432 4221 508 4286 Met.
531 4222 611 4287 VIII
634 4223 696 4288 837
721 4243 787 4308 sqq.
805 4228 892 4291 cuius
909 4226 1095 4294 imitationis
1110 4228 1322 4295 certissimum
1338 4233 1433 4313 atque
1448 4234 1548 4296 mani·

367 4324 576 4390 festissimum
599 4328 818 4409 argumentum
847 4329 881 4393 in
905 4349 938 4396 eo
962 4333 1096 4408 positum
1120 4336 1182 4414 est,
1218 4333 1299 4414 quod
1322 4333 1423 4398 altera
1443 4332 1548 4416 imago

354 4427 519 4495 *Ouidiana
541 4448 558 4494 e
579 4432 658 4495 mari
682 4430 800 4513 petita,
835 4451 914 4515 qnae
937 4438 1008 4500 ante
1032 4435 1112 4499 banc
1133 4435 1374 4502 similitudinem
1397 4436 1549 4502 collocata

354 4533 415 4596 est
437 4534 530 4614 etque
564 4533 665 4597 eidem
700 4534 744 4598 rei
778 4533 985 4602 illustrandae
1008 4536 1153 4617 inservit,
1184 4537 1429 4622 eranquidam
1451 4541 1549 4606 maris
