3366 5132
637 528 851 590 ..41-

152 715 342 798 escendunt,
365 714 458 780 siouti
480 733 595 800 magua
617 715 699 780 unda
728 715 825 781 maris
848 715 930 782 vasti
952 733 1046 797 supra
1069 713 1157 780 navis
1181 714 1280 778 latera
1301 715 1333 778 in

149 836 221 888 eam
244 817 398 882 transilit:

357 918 383 972 οί
403 921 437 986 δ’,
459 921 534 974 ὥστε
555 921 627 986 μέγα
649 925 723 985 κόμα
742 905 887 986 θαλάσσης
906 921 1077 988 εὐρυπόροιο

356 1007 432 1072 νηός
451 1007 522 1074 ύπέρ
542 1006 650 1072 τοίχων
669 1007 870 1072 καταβήσεται,
889 1007 992 1061 ὁππότ’
1010 1005 1108 1074 ἐπείγῃ

353 1091 378 1154 ἲς
396 1092 517 1156 ἀνέμου·
542 1093 559 1158 ἡ
580 1093 635 1160 γάρ
657 1109 688 1145 τε
709 1092 831 1156 μάλιστά
850 1109 882 1158 γε
901 1092 1003 1157 κύματ’
1023 1092 1150 1158 ἀφέλλει·

355 1179 394 1242 ὣς
411 1177 507 1246 Τρῶες
527 1179 636 1246 μεγάλῃ
655 1177 720 1245 ἰαχῇ
740 1179 813 1231 κατά
831 1183 926 1244 τεῖχος
944 1180 1067 1244 ἔβαινον.
1091 1217 1098 1230 .
1127 1217 1133 1231 .
1160 1217 1167 1232 .

147 1301 247 1365 neque
262 1282 301 1348 ab
316 1301 349 1346 re
365 1282 502 1346 alienum
519 1285 567 1346 est
587 1282 723 1346 alterum
749 1282 886 1347 eiusdem
908 1283 982 1346 libri
1004 1283 1108 1347 looum
1124 1303 1175 1349 vv.
1188 1282 1253 1348 624
1266 1301 1333 1365 sqq.

145 1387 180 1450 in
204 1385 464 1468 comparationem
488 1403 612 1460 noeane,
643 1384 697 1450 ubi
720 1385 797 1450 duas
821 1384 1062 1465 similitudines,
1096 1403 1174 1468 quae
1197 1387 1280 1451 inter
1302 1403 1335 1450 se

146 1493 295 1554 aoourate
316 1490 518 1570 respondent,
553 1489 583 1552 in
608 1507 704 1553 unam
727 1489 890 1571 tamquam
913 1489 1062 1555 conflatas
1085 1509 1153 1555 esse
1178 1489 1334 1556 videmus:

355 1609 386 1663 ἐν
405 1609 430 1660 δ’
449 1609 525 1662 ἔπεσ’
546 1610 585 1672 άις
604 1610 653 1663 ὅτε
672 1613 750 1674 κθμα
769 1611 821 1677 θοῇ
841 1611 872 1663 έν
888 1610 938 1676 νηῖ
955 1610 1077 1678 πέσῃσιν

356 1697 462 1764 λάβρον
482 1696 540 1752 ύπά
558 1696 675 1761 νεφέων
694 1695 902 1763 ἀνεμοτρεφές·
925 1698 942 1762 ἡ
964 1697 995 1750 δέ
1013 1713 1045 1751 τε
1063 1701 1141 1751 πάσα

356 1785 428 1850 ἄχνῃ
449 1783 630 1849 ὑπεκρύφθη,
651 1781 768 1846 ἀνέμοιο
787 1784 817 1835 δέ
837 1783 928 1844 δεινὸς
947 1783 1039 1849 ἀήτης

357 1867 446 1934 ἱστίῳ
467 1868 646 1935 ἐμβρέμεται,
665 1869 819 1935 τρομέουσι
838 1869 869 1920 δέ
886 1885 917 1922 τε
937 1870 1031 1937 φρένα
1049 1873 1153 1922 ναθται
1205 1909 1206 1914 ,

355 1957 509 2017 δειδιότες·
532 1955 641 2007 τυτθόν
660 1955 715 2022 γὰρ
733 1956 805 2008 ὑπὲκ
823 1955 961 2008 θανάτοιο
980 1956 1131 2023 φέρονται·

359 2041 398 2104 ὣς
416 2042 545 2095 ἐδαΐζετο
566 2041 654 2105 θυμός
673 2041 713 2110 ένί
732 2041 885 2107 στήθεσσιν
904 2043 1035 2108 Ἀχαιῶν.

145 2145 261 2227 quibus
297 2145 441 2210 omnibus
474 2145 665 2228 imaginibus
706 2145 904 2225 perlustratis
938 2147 1007 2228 quis
1045 2165 1157 2228 quaeso
1191 2159 1252 2211 non
1286 2147 1335 2211 in·

137 2247 437 2332 'tellegatOvidium
453 2251 624 2329 utramque
639 2247 767 2312 Homeri
781 2248 1019 2313 similitudinem
1034 2249 1081 2314 ita
1093 2249 1125 2313 in
1138 2269 1232 2314 usum
1245 2269 1335 2315 suum

151 2352 396 2430 eonvertisse,ut
405 2371 421 2417 e
430 2352 584 2416 contrario
592 2352 793 2436 naufragium
807 2353 893 2417 urbis
903 2351 1335 2434 expugnationedepinxerit?

155 2463 237 2520 oerte
261 2456 322 2520 looi
343 2455 402 2537 ipsi
426 2456 510 2520 inter
533 2475 565 2519 se
589 2455 695 2519 collati
717 2455 927 2521 imitationem
951 2456 1028 2519 satis
1052 2460 1197 2538 arguunt.

251 2559 388 2624 Praeivil
423 2562 528 2623 autem
551 2559 584 2622 in
619 2560 678 2623 hae
712 2558 927 2623 similitudine
962 2558 1117 2622 imitanda
1141 2559 1335 2640 Apollonius,

146 2663 204 2744 qui
227 2663 304 2744 Arg.
327 2661 360 2726 ΙΙ
383 2661 427 2726 70
450 2681 516 2744 sqq.
541 2663 623 2744 regis
646 2663 825 2744 Bebryoum
848 2680 984 2744 pugnam
1009 2681 1081 2726 eum
1105 2661 1232 2726 Polluce
1255 2663 1336 2727 huno

151 2767 184 2830 in
205 2765 333 2830 modum
358 2764 547 2831 illustravit:

355 2869 423 2921 ἔνθα
444 2870 474 2922 δέ
495 2869 649 2936 Βεβρύκων
669 2871 721 2932 μέν
740 2870 818 2931 ἀναξ,
837 2869 887 2921 ἅτε
906 2872 982 2931 κῦμα
1000 2868 1146 2934 θαλάσσης

355 2958 445 3024 τρηχὺ
466 2959 519 3023 θοῇ
542 2957 586 3010 ἐπί
606 2956 653 3021 νηί
672 2956 853 3023 κορύσσεται,
873 2957 890 3020 ἡ
912 2956 935 3006 δ’
954 2955 1010 3008 ύπά
1029 2955 1136 3008 τυτθὸν
1231 3019 1236 3026 Ι

354 3041 446 3110 ίδρείη
466 3047 599 3116 πυκινοῖο
618 3045 832 3109 κυβερνητῆρος
850 3042 974 3105 ἀλύσκει,
1007 3085 1010 3088 .

356 3128 470 3193 ἱεμένου
491 3129 647 3196 φορέεσθαι
666 3129 723 3181 ἔσω
742 3127 850 3195 τοίχοιο
871 3129 1026 3190 κλύδωνος,

354 3214 393 3277 ὣς
412 3215 462 3280 ὅγε
480 3213 662 3281 Τυνδαρίδην
681 3215 799 3280 φοβέων
818 3214 902 3279 ἕπετ’,
922 3214 956 3266 ού
976 3214 1007 3265 δέ
1026 3230 1072 3278 μιν
1091 3213 1137 3268 εἴα
1161 3251 1168 3264 .
1195 3250 1201 3265 .
1229 3251 1237 3266 .

146 3339 209 3403 qua
231 3322 263 3385 in
286 3339 320 3384 re
353 3339 425 3384 eum
460 3323 566 3400 aperte
598 3321 638 3383 ad
671 3321 844 3384 Homerum
877 3339 943 3383 sese
980 3318 1157 3399 adplioasse
1191 3318 1335 3402 pluribus

148 3423 372 3513 demonstrare
386 3424 468 3488 certe
492 3441 554 3487 non
577 3441 653 3506 opus
678 3426 735 3487 est.

251 3528 361 3610 Itaque
384 3528 447 3593 iarn
470 3528 508 3593 ad
539 3527 672 3591 alteram
700 3527 873 3610 imaginem
897 3525 1081 3592 Ouidianam
1105 3543 1121 3588 e
1147 3542 1180 3588 re
1205 3523 1336 3588 militari

147 3631 287 3716 'petitam
308 3651 362 3697 nos
386 3631 614 3710 convertamus
640 3650 677 3694 ex
700 3649 761 3712 qua
785 3629 880 3713 spatii
903 3649 1050 3695 mensura
1071 3627 1128 3693 teli
1150 3627 1236 3693 iaetu
1262 3627 1337 3692 defi·

151 3735 247 3799 nitur.
270 3733 350 3816 quod
374 3753 473 3818 genus
486 3733 661 3816 imaginum
675 3733 806 3800 Ovidius
829 3732 867 3797 ab
885 3731 1018 3797 Homero
1036 3730 1185 3797 didicisse
1199 3730 1334 3806 videtur,

122 3839 223 3920 'quia
244 3837 326 3920 apud
350 3839 466 3901 eeteros
499 3838 606 3918 poetas
642 3837 708 3900 eius
742 3837 864 3920 generis
899 3834 1124 3900 similitudines
1159 3853 1221 3900 uon
1243 3852 1331 3918 repe·

150 3943 284 4006 riuntur.
308 3942 414 4006 extant
437 3943 540 4005 autem
567 3941 599 4005 et
620 3942 700 4021 apud
718 3939 892 4002 Homerum
915 3941 946 4001 et
970 3937 1052 4019 apud
1075 3933 1223 4003 Ovidium
1247 3939 1336 4002 terna

153 4044 243 4109 huius
266 4044 390 4130 generis
413 4043 587 4126 imaginum
606 4030 756 4126 exempla,
774 4061 852 4124 quae
866 4041 918 4106 hio
934 4041 1072 4109 breviter
1087 4043 1212 4106 tantum
1228 4059 1335 4106 reeen-

149 4167 215 4214 sero
237 4147 318 4213 mihi
340 4147 373 4210 in
397 4148 502 4212 animo
527 4151 583 4210 est.
877 4231 880 4237 Α

251 4252 344 4334 Apud
367 4250 540 4315 Homerum
563 4251 648 4315 enim
670 4251 709 4317 Il.
734 4273 759 4331 ψ
782 4249 844 4314 431
861 4269 918 4332 sq,
942 4250 1011 4332 equi
1028 4247 1193 4313 Antilochi
1209 4248 1335 4312 tantum

150 4356 394 4438 praeouourrisse
419 4357 582 4419 dicuntur:

356 4459 429 4512 ὅσσα
448 4459 480 4510 δέ
499 4455 597 4510 δίσκου
618 4455 691 4524 οὖρα
710 4455 902 4521 κατωμαδίοιο
922 4457 1066 4515 πέλονται,

356 4543 417 4598 ὅντ’
435 4542 533 4608 αίζηάς
552 4543 664 4609 ἀφῆκεν
683 4543 765 4610 ἀνήρ,
784 4544 961 4610 πειρώμενος
978 4544 1058 4607 ἥβης.
