3370 5134
636 507 895 604 --169-ι

157 701 242 782 quod
265 699 317 763 hio
339 699 386 764 leo
416 699 599 764 hinnuleum
629 699 803 782 balantem,
832 698 898 764 illio
927 697 1017 780 tigris
1046 697 1141 763 boves
1171 699 1345 780 mugientes

158 803 265 886 procul
278 802 406 867 audiens
420 801 588 867 inducitur.
604 802 743 884 itemque
756 820 800 878 ea,
814 822 875 884 qua
887 801 1021 866 feminae
1033 800 1119 864 furor
1130 803 1169 866 A.
1185 803 1223 866 A.
1236 801 1344 867 11375

154 905 350 989 depingitur,
372 907 474 988 imago
499 907 546 970 est
568 906 702 970 variatio
726 904 946 970 similitudinis
971 905 1010 968 Il.
1028 920 1051 970 σ
1069 906 1131 970 318
1148 924 1226 987 sqq,
1251 923 1344 986 quam

158 1010 318 1074 Nasonem
340 1009 435 1072 etiam
460 1008 524 1073 alia
546 1007 683 1092 imagine
707 1009 785 1074 Met.
813 1007 893 1073 XIII
921 1007 984 1074 547
1013 1025 1059 1090 sq.
1089 1007 1249 1071 imitatum
1279 1025 1345 1072 esse

155 1131 186 1194 p.
214 1111 255 1174 14
273 1111 572 1175 demonstravimus.

262 1213 418 1296 Imagines
441 1217 480 1278 ad
503 1220 628 1278 taurum
652 1214 844 1295 pertinentes
860 1213 984 1295 praeter
1006 1232 1066 1290 eas,
1092 1231 1167 1295 quas
1184 1213 1246 1277 iam
1264 1217 1345 1276 trac·

153 1317 306 1395 terimus,
320 1318 466 1398 quattuor
478 1317 628 1401 leguntur
639 1318 721 1398 apud
735 1316 885 1382 Ovidium
897 1316 955 1380 hoo
968 1316 1033 1380 loco
1047 1319 1343 1380 commemorandae.

154 1438 292 1502 quarum
315 1438 361 1498 ea,
391 1439 469 1502 quae
492 1422 578 1485 extet
602 1420 678 1485 Met.
703 1420 783 1485 VIII
807 1419 870 1484 762
893 1439 969 1503 sqq,
1000 1418 1152 1502 originem
1180 1437 1269 1483 suam
1300 1419 1343 1483 rei

158 1523 229 1604 ipsi,
254 1522 305 1587 oui
328 1523 534 1589 illustrandae
556 1523 698 1602 inservit,
733 1522 835 1587 debet.
869 1541 943 1586 nam
966 1541 1037 1587 oum
1060 1519 1191 1587 Ovidius
1225 1522 1342 1600 narret,

153 1644 251 1708 quem
275 1629 313 1692 ad
336 1630 463 1691 modum
488 1626 650 1709 Triopeius
672 1626 788 1709 impius
813 1625 940 1707 quercui
963 1643 1070 1689 sacrae
1093 1626 1193 1690 securi
1215 1625 1344 1707 plagam

157 1731 333 1812 impegerit,
357 1749 492 1812 quanam
516 1731 579 1795 alia
601 1730 738 1811 imagIne
760 1736 853 1812 poeta
875 1748 1015 1794 eruorem
1039 1748 1054 1792 e
1075 1727 1190 1792 cortice
1214 1727 1342 1792 disIeeto

157 1837 340 1898 manantem
360 1834 472 1898 melius
494 1833 653 1898 illustrare
675 1833 779 1916 potuit
802 1852 895 1914 quam
918 1833 993 1898 hac:

363 1951 439 2005 houd
457 1951 540 2005 aliter
557 1951 639 2020 flacit
657 1951 779 2006 discesso
798 1952 895 2005 cortice
912 1952 1034 2021 sanquis,

363 2053 445 2106 qoem
462 2038 537 2105 solet,
556 2043 620 2090 arete
637 2053 702 2091 areo
719 2037 818 2106 inperio
834 2037 883 2090 obi
899 2038 1010 2092 victima
1028 2042 1126 2090 taurus

363 2125 491 2191 concidit,
510 2125 629 2193 abrupte
647 2139 730 2178 cruor
749 2140 763 2177 e
781 2124 882 2178 cervice
896 2122 1042 2192 profundi.

152 2225 255 2292 altera
277 2225 382 2313 imago
405 2230 480 2294 Met.
497 2231 524 2294 ll
547 2228 611 2293 623
634 2248 700 2313 sqq.
717 2231 846 2294 eandem
863 2248 939 2309 rem,
958 2229 1078 2293 scilicet
1093 2227 1342 2292 immolationem

152 2332 284 2412 spectat,
301 2351 361 2414 qua
376 2332 407 2397 in
423 2352 455 2396 re
469 2332 553 2398 Naso
576 2351 637 2397 non
652 2334 755 2397 minus
771 2331 976 2396 commutarit
991 2333 1023 2397 et
1039 2328 1173 2396 ranerii
1189 2330 1341 2395 similitu-

153 2433 259 2497 dinem
277 2434 365 2498 illam
377 2435 579 2500 Homericam
593 2437 630 2500 Il.
650 2457 667 2516 ρ
684 2435 749 2501 520
761 2453 826 2518 sqq.
842 2437 880 2500 ab
893 2433 1005 2499 Ouidio
1022 2435 1144 2515 saepius
1161 2450 1340 2515 expressam

155 2536 208 2612 (ef.
225 2555 255 2617 p.
274 2537 336 2621 19).
352 2537 456 2620 tertia,
473 2557 552 2619 quae
568 2537 628 2602 hue
650 2540 796 2619 pertinet,
820 2537 957 2618 Imagine
978 2535 1128 2600 Hercules
1151 2535 1184 2599 in
1208 2537 1342 2600 marimo

152 2639 296 2703 cruciatu
320 2639 421 2704 altum
444 2658 499 2720 per
522 2639 631 2705 Oetam
655 2641 801 2724 gradiens
824 2640 1002 2704 illustratur
1019 2640 1095 2702 Met.
1120 2638 1167 2702 IX
1189 2638 1253 2703 205
1276 2655 1342 2718 sq:

361 2759 437 2814 hored
455 2760 538 2814 aliter
553 2761 691 2830 proditor,
710 2775 792 2829 qoem
810 2761 835 2814 oi
851 2759 987 2814 praebeto
1005 2764 1105 2813 tauros

362 2860 478 2913 corpore
494 2845 554 2912 fixa
570 2851 655 2916 peret,
672 2846 795 2915 factique
813 2845 946 2916 refugerit
964 2850 1069 2899 uector.

160 2954 276 3032 quarta
299 2949 430 3033 denique
454 2949 628 3016 similitudo
651 2952 689 3015 ad
713 2950 853 3016 Cererem
875 2951 973 3015 filiam
996 2950 1134 3032 ereptam
1157 2951 1339 3031 querentem

156 3053 296 3134 pertinet
318 3052 403 3118 Fast.
427 3054 473 3118 IV
495 3054 558 3117 459
581 3073 664 3136 sqq:

361 3177 394 3226 ret
410 3173 497 3226 vitreio
514 3174 602 3242 mapit
619 3189 670 3226 suo
687 3179 775 3227 proter
793 3174 828 3227 ob
845 3173 926 3227 abere
942 3178 1031 3242 rapto,

415 3264 441 3312 et
459 3260 567 3326 quaerit
585 3259 675 3325 foeta-s
691 3275 742 3326 per
759 3275 855 3313 nemos
872 3275 950 3312 omne
968 3274 1047 3312 orcos:

362 3345 401 3399 eie
420 3345 479 3398 dea.
498 3361 549 3399 rree
566 3348 668 3399 retieret
683 3346 807 3416 gemitus,
826 3351 851 3399 et
869 3346 975 3399 coercita
993 3360 1078 3398 corso

413 3432 515 3498 sertor.

260 3535 305 3600 Ex
328 3535 443 3618 fabula,
468 3555 546 3618 quae
568 3537 601 3600 in
623 3535 778 3620 proverbii
795 3535 1051 3602 consuetudinem
1069 3535 1197 3610 abierat,
1214 3537 1341 3618 sumpta

153 3641 204 3703 est
228 3657 264 3703 ee
286 3641 400 3723 imago,
424 3656 486 3720 qua
508 3638 640 3704 Ovidius
665 3639 799 3704 Vestalis
823 3639 973 3703 virtutem
996 3657 1032 3704 er
1053 3640 1091 3704 P.
1115 3638 1158 3704 IV
1184 3639 1213 3716 7,
1236 3641 1276 3704 51
1294 3657 1340 3722 sq.

153 3741 339 3807 celebravit:

361 3825 409 3880 ecci
427 3831 538 3880 tortiora
554 3827 642 3880 oirtrre
660 3827 729 3880 aiios
746 3832 795 3881 tue
809 3827 946 3896 praeterit
964 3841 1064 3890 omnes,

413 3919 479 3968 orote
497 3914 563 3967 citor
580 3918 716 3981 quantem
734 3915 856 3984 Pegasos
874 3915 929 3969 ibet
947 3928 1035 3982 equor.

260 4015 330 4080 Iam
354 4034 432 4099 quae
457 4018 594 4083 nondum
618 4017 812 4083 examinatae
841 4022 915 4083 sunt
942 4016 1165 4082 similitudines
1187 4035 1206 4082 a
1227 4016 1340 4100 cervis,

157 4119 268 4203 agnis,
291 4119 451 4203 leporibus
485 4121 689 4203 depromptae
711 4121 792 4186 nihil
814 4122 901 4187 aliud
923 4124 1082 4204 spectant,
1116 4139 1210 4202 quam
1232 4121 1268 4186 ut
1290 4121 1340 4186 his

153 4220 346 4288 animalibus
369 4223 491 4290 timidis
514 4225 618 4289 metus
642 4224 690 4289 vel
713 4226 837 4307 pavoris
861 4225 908 4290 vis
930 4223 1118 4289 illustretur.
1142 4223 1187 4288 sic
1209 4222 1340 4289 Ovidius

154 4325 253 4392 Trist.
277 4324 326 4390 llI
350 4325 401 4406 11,
428 4328 464 4390 11
489 4345 556 4409 sqq.
579 4346 671 4391 suum
693 4327 791 4409 ipsius
814 4345 958 4411 pavorem
981 4328 1040 4392 hoc
1069 4327 1160 4392 modo
1182 4326 1340 4393 illustrat:

362 4449 447 4513 utque
463 4443 552 4515 sapae
570 4446 660 4500 ovidio
677 4463 772 4502 cereus
790 4447 943 4516 deprensos
960 4446 994 4500 ab
1011 4447 1095 4513 arsis,

415 4531 557 4600 modoque
575 4534 712 4587 mortereis
729 4538 761 4587 oi
777 4539 858 4602 ponet
876 4547 949 4603 opero
966 4533 1048 4601 lupis,
