3366 5132
646 541 860 607 ..,59..

364 734 448 797 utque
467 728 542 795 fores
559 727 684 782 uoaduru
702 727 820 781 reserati
838 727 957 780 adramis
974 739 1036 780 acer

416 831 490 870 uuae
507 814 584 884 pede,
604 831 680 869 auree
697 815 759 882 ipsa
776 815 871 880 fracte
890 813 996 867 lacessit
1015 828 1108 882 equus,

157 921 212 988 sic’
238 919 340 1004 Pergit
362 923 454 1004 poeta
477 918 559 1002 ‘mea
582 919 692 984 Thalia
706 920 830 984 retenta
846 923 939 1000 atque
956 936 1094 1001 repressa
1109 916 1178 1002 lege
1194 915 1338 998 imposita

160 1026 250 1109 optat
272 1025 360 1107 sequi
382 1023 492 1090 laudes
515 1023 650 1089 nominis
673 1021 783 1089 uetiti’.
807 1022 921 1104 quibus
937 1024 968 1088 in
984 1019 1245 1088 similitudinibus
1268 1036 1341 1086 cou-

157 1126 332 1193 scribcndis
355 1130 430 1193 duos
454 1127 608 1210 spectavit
630 1127 715 1192 locos
738 1125 950 1192 Lucretiauos.
990 1125 1185 1207 caprimum
1215 1123 1341 1206 quidem

157 1249 230 1296 eum
253 1234 326 1298 aute
349 1232 456 1297 oculos
480 1230 623 1298 habuisse
646 1229 857 1296 contenderim
880 1229 1010 1295 Lucret.
1035 1231 1065 1296 Π
1088 1229 1152 1296 263
1174 1246 1257 1311 sqq.:

364 1366 456 1406 uouae
474 1351 549 1407 uides
568 1352 650 1406 etiam
664 1351 817 1420 patefactis
835 1355 957 1418 ternpore
971 1355 1078 1420 puucto

364 1439 519 1492 carceribus
537 1453 594 1492 aaa
610 1453 690 1506 posse
709 1443 802 1490 tamea
816 1452 1001 1504 prorumpere
1020 1451 1153 1504 equorum

363 1526 416 1578 cim
435 1525 564 1593 cupidam
583 1530 638 1578 tam
656 1524 690 1579 de
708 1523 798 1578 subito
816 1539 900 1592 quara
918 1538 995 1577 meus
1012 1529 1073 1577 acet
1091 1521 1174 1592 ipsa?

158 1631 273 1697 habent
296 1631 381 1695 enim
403 1630 568 1714 utriusque
590 1633 700 1712 poetae
723 1629 784 1694 loci
806 1629 866 1694 hoc
881 1645 1055 1708 commune,
1079 1631 1160 1711 quod
1176 1628 1341 1711 utrubique

158 1736 204 1799 vis
229 1733 341 1818 cupida
364 1751 524 1818 equorum,
548 1733 602 1816 qui
626 1752 643 1797 e
667 1751 790 1797 carcere
812 1732 949 1816 effugere
972 1733 1112 1816 cupiunt,
1135 1731 1343 1815 pulcherrime

159 1836 357 1904 describitur.
374 1855 485 1903 verum
500 1842 609 1902 tamen
625 1837 707 1902 inter
724 1839 894 1917 utrumque
909 1836 1013 1902 locum
1029 1853 1091 1900 non
1107 1835 1186 1900 nihil
1200 1837 1341 1902 interest.

158 1961 232 2008 nam
267 1942 430 2007 Lucretius
464 1943 722 2024 comprobaturus
758 1944 863 2005 motus
885 1959 904 2004 a
928 1941 1019 2006 corde
1053 1939 1120 2004 fieri
1153 1943 1184 2005 et
1206 1938 1343 2023 primum

158 2047 326 2127 procedere
349 2065 386 2110 ex
408 2045 506 2112 animi
528 2046 691 2111 uoluntate
714 2045 846 2127 indeque
868 2063 923 2128 per
945 2045 1049 2109 totum
1066 2062 1177 2125 corpus
1192 2047 1224 2110 et
1239 2043 1343 2109 omnia

157 2153 300 2216 membra
322 2150 459 2234 dispergi
482 2168 630 2232 equorum
647 2149 766 2228 profert
781 2148 967 2231 exemplam,
983 2147 1037 2229 qui
1052 2146 1225 2232 carceribus
1240 2145 1343 2212 subito

157 2252 326 2335 patefactis
349 2257 388 2319 ad
412 2271 538 2318 cursum
560 2254 650 2335 proui
674 2257 779 2317 tamen
803 2270 864 2316 uon
886 2255 1017 2334 possunt
1039 2249 1112 2317 ilico
1134 2268 1343 2333 prorumpere.

158 2359 267 2422 contra
290 2355 425 2422 Ovidius
449 2376 562 2439 equum
579 2357 686 2440 portas
703 2357 834 2420 carceris
851 2355 988 2419 nondum
1005 2353 1104 2436 aperti
1121 2353 1221 2420 fronte
1235 2359 1344 2436 peteu-

157 2462 223 2525 tem
245 2460 384 2537 inducit,
415 2479 476 2542 qua
499 2463 530 2524 in
553 2461 724 2525 variatione
755 2477 805 2524 ars
827 2459 859 2526 et
880 2458 1044 2541 ingenium
1071 2458 1180 2542 poetas
1209 2455 1344 2523 dilucide

158 2563 356 2646 conspicitur.
381 2583 454 2629 nam
470 2581 544 2628 sane
559 2564 686 2646 quidem
708 2563 944 2652 sagacissimum
959 2579 1027 2628 sese
1043 2561 1201 2644 praestitit
1216 2560 1345 2625 Ovidius

158 2687 194 2732 eo
218 2666 355 2749 quidem,
378 2670 458 2751 quod
482 2668 726 2751 descriptionem
749 2667 968 2732 Lucretianam
992 2667 1036 2732 ita
1052 2666 1197 2743 uariauit,
1221 2668 1257 2728 ut
1272 2664 1344 2745 pul-

160 2771 316 2836 cherrima
340 2772 412 2837 inde
435 2774 529 2854 atque
551 2771 692 2854 perfecta
714 2771 852 2856 prodiret
875 2769 1058 2838 similitudo.

261 2889 322 2958 Sed
344 2910 382 2957 nc
405 2891 487 2957 forte
509 2894 547 2957 de
571 2909 609 2958 ea
630 2910 664 2957 re
687 2894 813 2976 propter
835 2890 1005 2956 discrimen
1028 2891 1118 2974 illud,
1141 2887 1224 2972 quod
1246 2907 1340 2971 sopra

161 2995 418 3072 commemoravi,
451 2993 592 3077 dubites,
627 2995 753 3061 iamed
777 2996 913 3060 alterum
936 2994 1076 3059 Lucretii
1100 2994 1221 3069 locum,
1252 3009 1345 3074 quern

161 3097 315 3163 Nasonem
358 3100 432 3162 aute
472 3098 577 3164 oculos
616 3098 763 3164 habuisse
802 3099 972 3181 contendo,
1010 3097 1150 3163 animum
1190 3095 1343 3171 advertes,

161 3202 228 3267 dico
252 3202 275 3265 l.
298 3201 344 3266 IV
368 3221 418 3266 vv.
443 3203 505 3267 987
529 3219 612 3284 sqq.:

362 3321 468 3390 quippe
485 3321 586 3375 adeius
603 3336 686 3390 equos
703 3323 793 3387 tortis,
812 3338 872 3374 cum
889 3321 1008 3375 membra
1026 3322 1160 3386 iacebunt,

364 3409 513 3462 insomnis
531 3406 632 3462 sudare
644 3411 742 3462 'tamea
759 3408 920 3476 spirareque
938 3423 1044 3476 seraper

366 3499 391 3550 et
408 3496 489 3563 quasi
507 3493 540 3548 de
554 3495 652 3562 palma
673 3509 792 3548 murras
810 3493 972 3548 contendere
989 3493 1057 3548 ciris

367 3586 418 3634 aut
436 3580 516 3648 quasi
535 3581 691 3634 carceribus
706 3581 856 3648 patefactis
879 3619 886 3630 .
913 3617 921 3631 .
948 3619 954 3631 .
982 3616 989 3631 .

367 3672 567 3736 venantumque
585 3683 667 3720 caries
685 3667 716 3720 iu
733 3667 808 3720 molli
824 3683 905 3734 saepe
923 3667 1013 3735 quiete

368 3753 476 3806 iactaret
494 3768 578 3807 crura
595 3757 687 3805 tamea
704 3752 792 3806 subito
811 3763 940 3820 vocesque
959 3757 1072 3819 reperite

368 3840 482 3894 raittuut
501 3845 527 3894 et
545 3840 638 3893 crebro
656 3839 814 3894 redducunt
831 3839 1061 3904 acribusauras,

366 3931 398 3979 ut
416 3926 531 3996 cestipia
548 3926 572 3979 si
589 3931 704 3980 teueaut
720 3926 835 3980 irrorata
852 3926 980 3991 serarum
1005 3962 1012 3977 .
1041 3963 1047 3975 .
1076 3965 1082 3976 .

158 4031 268 4113 quibus
301 4030 443 4096 versibus
477 4029 633 4108 cumeis,
667 4049 743 4114 quos
766 4049 858 4108 supra
891 4030 1012 4114 legisti,
1048 4030 1170 4096 collatis
1204 4030 1337 4116 videbis,

161 4137 309 4216 quantam
348 4133 415 4198 rim
452 4136 589 4201 locorum
628 4135 779 4200 memoria
818 4133 1054 4201 coniunctorum
1096 4134 1266 4201 recordatio
1306 4135 1340 4199 in

159 4237 265 4303 Ovidii
289 4240 428 4302 mentam
453 4238 634 4305 exercuerit.
674 4237 821 4304 videlicet
855 4257 926 4302 cum
949 4238 1084 4321 priorem
1106 4239 1209 4304 locum
1232 4241 1346 4304 Lucre·

161 4342 281 4408 tianum
305 4340 341 4405 in
363 4359 457 4406 usum
480 4359 572 4407 suum
601 4342 820 4419 convertisset,
851 4339 962 4406 statim
986 4340 1015 4406 ei
1037 4343 1164 4424 propter
1192 4339 1344 4407 similitu·

160 4446 266 4512 dinem
290 4446 371 4512 alter
392 4446 480 4511 locas
495 4445 712 4529 Lucretianus,
735 4445 789 4510 ubi
806 4445 904 4510 simili
919 4445 1041 4511 ratione
1056 4463 1152 4527 equus
1168 4445 1342 4512 carceribus

160 4548 327 4633 patefactis
350 4567 444 4616 cursu
479 4549 669 4614 contendens
692 4549 863 4631 exhibetur,
897 4549 930 4613 iu
953 4551 1090 4613 mentem
1114 4546 1209 4615 venit.
1247 4549 1341 4629 atque
