3370 5134
629 517 859 582 —143-

357 706 409 759 τὸν
428 705 453 757 δ’
472 704 551 773 εῐπερ
569 721 602 759 τε
621 705 724 774 λάθῃσι
741 706 925 772 καταπτήξας
943 705 1000 760 ὑπὸ
1019 705 1130 774 θάμνῳ,
1220 711 1224 719 ’
1333 712 1338 728 “

357 790 428 845 ἀλλά
447 793 472 844 τ’
490 790 651 857 ἀνιχνεύων
669 791 726 845 θέει
745 791 879 856 ἔμπεδον,
900 791 978 859 ὄφρα
997 808 1047 846 κεν
1065 794 1148 862 eilpq·

357 876 397 940 ὣς
414 877 526 946 Ἕκτωρ
545 877 580 930 eb
599 877 667 944 λῆθε
685 878 820 931 ποδώκεα
837 875 1002 943 Πηλείωνα,

150 981 283 1045 fundum
306 979 480 1062 imaginum
505 980 633 1045 illarum
658 981 797 1044 omnium
821 981 931 1046 iecisse
953 982 1114 1064 putandus
1137 984 1194 1048 est.

254 1083 342 1164 Quod
367 1083 498 1167 denique
521 1084 560 1148 ad
585 1084 670 1149 canis
693 1083 863 1166 imaginem
885 1084 979 1150 Trist.
1000 1083 1070 1161 V9,
1087 1085 1127 1149 27
1144 1104 1192 1168 sq.
1209 1087 1337 1167 attinet,

150 1206 246 1272 quam
264 1186 409 1270 Zingerle
433 1187 454 1251 l.
479 1206 505 1250 c.
531 1185 676 1251 cumbis
699 1186 961 1252 similitudinibus
985 1188 1154 1267 contendit,
1179 1207 1217 1254 aa
1232 1191 1334 1257 multo

150 1291 305 1374 aptiorem
325 1293 429 1354 sedem
454 1292 548 1356 nacta
570 1292 616 1354 est
638 1290 671 1355 in
696 1291 797 1354 altera
820 1288 912 1354 huius
931 1290 1159 1357 dissertationis
1174 1293 1264 1376 parte
1281 1293 1337 1368 iti,

148 1375 204 1460 ubi
227 1393 266 1458 de
288 1392 480 1477 imaginibus
515 1411 618 1458 sermo
653 1391 714 1456 fuit
738 1411 846 1458 canem
882 1393 1001 1457 frustra
1034 1395 1143 1476 copula
1176 1397 1335 1461 retentum

147 1496 371 1579 spectantibus.

253 1599 423 1682 Reliquum
447 1598 504 1675 est,
539 1605 575 1663 ut
597 1617 693 1663 unam
717 1598 886 1680 imaginem
921 1617 957 1662 ex
979 1598 1171 1665 animalibus
1205 1603 1337 1686 petitam

147 1707 200 1770 bic
233 1703 432 1786 explicemus
466 1701 534 1766 dico
569 1703 652 1766 Fast.
678 1701 891 1784 111555sq,
923 1718 983 1784 quo
1004 1702 1072 1765 loco
1096 1702 1184 1786 Tyrii
1218 1705 1338 1772 Didone

148 1811 275 1872 mortua
296 1805 427 1889 dispersi
451 1804 508 1870 hac
532 1804 740 1870 similitudine
763 1805 978 1869 illustrantur:

356 1903 507 1995 diffopiaot
528 1925 616 1995 Tyrii,
635 1941 689 1994 quo
707 1941 839 1993 quemque
857 1925 914 1994 opit
932 1939 1020 1991 error,
1039 1927 1071 1978 ut
1089 1925 1154 1979 olim

350 2019 353 2030 ⁴
408 2013 507 2067 ammae
526 2011 627 2066 dubios
645 2027 707 2082 repe
724 2017 865 2081 aequatur
883 2027 956 2080 apes.

148 2137 229 2201 quae
252 2119 356 2202 imago
379 2137 568 2201 quamquam
592 2122 631 2184 ab
655 2115 766 2182 Ouidio
789 2119 856 2200 ipso
878 2118 984 2201 potuit
1007 2117 1141 2203 confingi
1168 2121 1229 2202 (res
1253 2122 1338 2186 enim

148 2225 196 2286 est
219 2221 409 2304 notissima),
433 2225 539 2285 tamen
562 2219 735 2286 similitudo
770 2221 923 2304 quaedam
946 2221 1113 2288 intercedit
1145 2222 1230 2288 inter
1254 2223 1337 2290 hunc

149 2324 254 2390 locum
277 2329 310 2390 et
334 2324 429 2407 Verg.
447 2324 559 2408 Georg.
576 2324 621 2390 IV
633 2325 698 2389 210
714 2344 781 2407 sqq.
798 2315 956 2390 ‘amisso
975 2323 1074 2410 (rege)
1092 2345 1204 2408 rupere
1220 2318 1337 2394 fidem'.

150 2447 222 2492 cum
245 2445 336 2511 porro
358 2428 392 2492 in
405 2429 486 2493 Aen.
503 2427 598 2493 1430
614 2446 679 2510 sqq.
697 2427 863 2510 Tyriorum
878 2426 1045 2506 industria,
1068 2446 1161 2510 quam
1177 2435 1339 2512 praestant

150 2532 182 2596 in
206 2529 363 2596 condenda
386 2528 584 2613 Carthagine,
610 2532 808 2615 comparetur
829 2549 902 2595 cum
924 2529 1033 2610 apium
1055 2531 1235 2610 sedulitate,
1260 2554 1337 2619 quas

152 2652 232 2701 nova
252 2635 374 2699 aestate
396 2653 451 2716 per
474 2635 569 2700 florea
591 2652 666 2699 rura
688 2634 745 2700 sub
768 2634 834 2699 sole
856 2633 945 2699 labor
968 2644 1096 2717 exercet,
1119 2634 1215 2700 facile
1232 2637 1338 2706 credas

150 2737 308 2804 Nasonem
331 2739 494 2820 utriusque
518 2738 653 2821 Vergilii
686 2737 747 2802 loci
770 2739 968 2804 recordatum
991 2738 1101 2802 eadem
1125 2739 1234 2820 apium
1257 2741 1338 2807 ima-

150 2843 222 2926 gine
245 2861 294 2906 res
318 2840 428 2920 Tyrias
451 2841 573 2906 Didone
597 2842 721 2906 mortua
743 2840 928 2906 illustrasse.
993 2907 997 2915 ,

253 2943 386 3009 Leviora
408 2943 595 3009 imitationis
619 2943 816 3028 Vergilianae
839 2941 977 3027 vestigia
1007 2944 1283 3028 deprehenduntur
1304 2947 1338 3013 in

151 3048 196 3112 eis
216 3047 420 3134 imaginibus,
444 3066 522 3130 quae
546 3067 562 3113 e
586 3049 745 3114 variarum
775 3048 954 3130 plantarum
990 3049 1103 3113 natura
1137 3049 1338 3134 depromptae

150 3153 234 3216 sunt.
259 3150 320 3215 huc
343 3152 505 3218 referenda
528 3155 576 3218 est
599 3151 772 3218 similitudo
786 3152 861 3217 Met.
886 3152 931 3216 IV
954 3152 1019 3216 373
1034 3171 1111 3236 sqq,
1135 3153 1190 3218 ubi
1206 3153 1337 3221 Ovidius

150 3254 409 3339 Hermaphroditi
431 3260 463 3319 et
485 3254 674 3320 Salmacidis
697 3271 824 3337 corpora
846 3255 880 3319 in
903 3274 1003 3320 unum
1026 3256 1235 3322 coalescentia
1257 3259 1336 3324 ima·

149 3359 222 3441 gine
244 3358 386 3440 depinxit
409 3379 425 3422 e
449 3357 545 3423 ramis
567 3359 683 3442 petita,
718 3361 772 3441 qui
806 3360 917 3424 cortice
941 3375 1052 3423 conexo
1085 3360 1259 3444 iunguntur
1279 3380 1338 3443 pa·

150 3463 289 3544 riterque
313 3461 511 3527 adolescunt:

356 3568 419 3617 octo
436 3579 500 3617 eoos
518 3562 638 3617 tabuere
657 3562 735 3617 deos:
752 3580 819 3618 raom
836 3563 925 3617 misto
943 3562 1064 3617 deorum

356 3664 474 3718 corpore
491 3649 656 3718 iungeretur,
673 3650 814 3718 faciesque
832 3649 979 3704 inmeritae
995 3648 1054 3704 illis

356 3752 424 3802 aaa,
442 3737 515 3790 celat
532 3736 620 3805 siquis
638 3735 775 3791 conducat
793 3737 893 3790 cortice
911 3751 1011 3802 ramos,

358 3822 500 3876 crescendo
518 3823 596 3892 longi
609 3823 772 3892 pariterque
790 3822 943 3876 adolescere
960 3821 1056 3876 cernit.

152 3929 442 4014 quam5imaginem
465 3948 500 3994 er
523 3929 606 3994 vitae
623 3929 797 3994 cotidianae
813 3948 871 3994 usu
888 3930 1067 4011 depromere
1083 3928 1186 4011 potuit
1202 3926 1333 3994 Ouidius

152 4035 216 4112 ant,
251 4051 324 4097 cum
360 4033 417 4124 hoc
450 4033 516 4098 loco
551 4033 588 4098 de
624 4032 758 4098 surculis
792 4032 956 4098 arboribus
990 4032 1116 4098 insertis
1149 4032 1333 4118 cogitavisse

152 4134 305 4219 rideatur,
332 4135 507 4220 Vergilium
541 4137 685 4220 respexit,
720 4137 773 4218 qui
803 4134 914 4220 Georg.
937 4134 1035 4200 1132
1058 4155 1104 4219 sq.
1127 4136 1203 4202 haec
1226 4137 1338 4203 habet:

358 4261 383 4310 et
400 4271 481 4324 saepe
498 4257 613 4310 alterius
630 4271 721 4310 remos
738 4256 853 4324 torpuere
871 4254 994 4310 videmos

357 4347 461 4396 οοτιονο
477 4342 511 4396 in
527 4342 645 4396 alterius
719 4380 727 4395 .
805 4378 813 4393 .
893 4381 899 4395 .
978 4379 986 4392 .

153 4445 242 4510 cuius
257 4443 455 4512 imitationis
488 4445 571 4512 haud
594 4447 802 4529 spernendum
835 4446 985 4513 indicium
1008 4446 1041 4510 in
1063 4465 1099 4512 eo
1122 4446 1225 4513 inesse
1249 4449 1334 4531 puto,

153 4548 237 4629 quod
250 4543 389 4633 Vergilii
410 4549 542 4614 verbum
563 4539 729 4615 ‘videmus’
762 4549 879 4634 optime
912 4553 1079 4632 respondet
1103 4547 1207 4616 Ovidii
1242 4551 1335 4618 verbo
