3366 5132
631 521 843 584 „29-

144 708 243 771 aciem
273 705 406 791 fugiant.
441 708 486 771 sic
515 706 602 770 venti
632 727 648 770 e
678 706 859 789 corporibus
889 712 1030 774 constare
1064 709 1208 775 censendi
1240 711 1327 790 suut,

143 812 264 875 licetea
289 811 385 876 oculis
409 810 492 875 cerni
513 827 575 876 non
592 809 721 894 possint,
745 811 818 893 quia
834 811 883 877 illi
899 815 1036 877 maxima
1051 813 1082 878 vi
1098 832 1184 878 mare
1201 811 1326 897 feriunt,

144 931 275 996 magnas
304 931 401 979 naves
436 913 595 995 nubesque
629 911 764 990 iactant,
799 914 959 979 interdum
995 916 1172 982 vehementi
1206 917 1327 1000 impetu

144 1015 305 1098 planitiem
333 1016 470 1099 perflant
499 1016 684 1100 arboresque
714 1016 852 1082 deiciunt
875 1020 906 1082 et
940 1018 1066 1082 omnino
1102 1019 1208 1085 eodem
1230 1020 1322 1085 modo

145 1121 303 1185 feruntur:

349 1210 380 1258 ut
398 1220 459 1258 cum
477 1205 565 1257 mollis
583 1221 672 1273 aquae
689 1206 781 1271 fertur
799 1213 904 1259 matura
921 1212 1035 1274 reperite

349 1292 461 1358 plumiue
480 1291 642 1354 abundanti,
662 1309 743 1360 quam
761 1294 848 1362 tarpio
866 1293 997 1347 imbribus
1015 1299 1098 1362 capet

349 1380 486 1432 uenatibus
505 1395 539 1432 eto
556 1380 621 1432 attis
639 1396 756 1449 maquus
775 1380 907 1434 dameam
925 1382 1017 1448 aquai,

349 1463 493 1534 fragmina
511 1467 647 1518 comicieus
664 1466 799 1520 siluarum
817 1469 982 1534 arbustaque
1000 1472 1064 1530 tota,

349 1568 400 1605 uec
417 1551 502 1605 ualidi
515 1558 632 1621 possuut
648 1559 750 1620 paretes
767 1553 904 1607 aeuieutis
923 1553 1008 1622 aquai

349 1639 403 1693 aim
420 1640 537 1694 subitam
555 1641 686 1694 tolerare:
704 1641 746 1694 ita
765 1656 864 1709 mapuo
882 1639 1012 1694 turbidus
1029 1640 1110 1693 imbri

349 1725 465 1779 molibus
483 1726 610 1791 iucurrit,
628 1726 728 1779 ualidis
746 1743 807 1780 cum
824 1726 936 1791 viribus,
955 1727 1052 1791 amuis,

351 1811 399 1864 ciat
417 1813 509 1866 souitu
527 1829 625 1882 maquo
643 1819 768 1882 stragem,
787 1813 922 1880 coluitque
939 1815 989 1868 sub
1007 1812 1092 1866 uadis

347 1897 468 1966 maudiut
484 1914 563 1963 suaa,
582 1900 694 1967 ruitque
711 1899 751 1952 ita
769 1897 906 1967 quidquid
924 1899 1053 1967 {luctibus
1071 1898 1166 1952 obstat.

246 2003 306 2068 Vel
322 2005 456 2068 maxime
468 2022 539 2068 vero
555 2003 686 2087 Vergilii
697 2006 800 2069 animo
813 2004 883 2069 illas
896 2004 1025 2069 Homeri
1037 2003 1155 2087 effigies
1169 2002 1207 2066 de
1219 2000 1326 2066 flumi-

145 2107 236 2171 nibus
253 2105 505 2172 adcrescentibus
517 2109 549 2172 et
563 2109 754 2175 tumentibus
769 2108 879 2173 infixas
895 2107 992 2172 luisse
1003 2109 1075 2172 inde
1089 2106 1229 2188 adparet,
1247 2104 1326 2186 qnod

144 2211 237 2274 huius
272 2211 394 2293 generis
417 2213 569 2293 imagines
593 2211 676 2295 apud
698 2213 788 2276 illum
812 2211 939 2295 quidem
962 2209 1232 2294 frequentissimae
1254 2209 1327 2271 sunt

145 2318 176 2378 et
212 2315 349 2396 proxime
378 2316 528 2380 accedunt
562 2318 599 2381 ad
629 2317 759 2381 Homeri
789 2316 929 2399 exempla
958 2335 1052 2398 snpra
1074 2314 1243 2397 proposita.
1281 2310 1327 2376 sic

146 2418 223 2485 Aen.
235 2418 266 2481 ll
279 2418 342 2484 305
355 2437 420 2501 sqq.
435 2419 550 2484 Achivi
562 2417 687 2484 Troiam
704 2421 828 2501 captam
841 2418 922 2483 ferro
935 2418 1062 2502 ignique
1074 2418 1199 2483 vastant
1212 2412 1325 2482 veluti:

452 2538 569 2608 rapidus
586 2545 716 2592 moutuuo
733 2539 846 2606 {lumime
864 2543 971 2592 torreas

350 2625 449 2678 steruit
466 2639 555 2693 apros,
574 2626 674 2678 steruii
692 2629 755 2678 sata
774 2625 846 2678 laeta
865 2625 1010 2692 bovemque
1027 2622 1133 2676 labores

347 2711 568 2779 praecipitesque
586 2712 673 2765 trabit
689 2712 772 2764 silvas
795 2749 801 2761 .
829 2750 836 2764 .
864 2747 871 2762 .

147 2816 231 2880 etin
255 2815 394 2880 eiusdem
416 2813 491 2880 libri
513 2835 543 2880 r.
566 2815 630 2880 496
653 2834 718 2898 sqq.
744 2815 905 2893 violentia,
930 2832 991 2897 qua
1013 2812 1123 2879 Graeci
1146 2813 1178 2877 in
1207 2810 1328 2876 Priami

146 2923 271 2985 domum
294 2919 474 3002 irrumpunt
502 2919 682 3002 primosque
716 2919 878 2984 trucidant
911 2917 1034 3000 lateque
1069 2916 1135 2981 loca
1169 2912 1327 2980 militibus

147 3025 311 3107 compunt,
336 3022 419 3086 hunc
440 3022 474 3087 in
497 3023 625 3087 modum
647 3024 839 3087 illustretur:

349 3157 408 3195 uou
425 3143 471 3206 sie,
490 3142 637 3211 apperibus
655 3143 746 3210 ruptis
764 3159 826 3197 cum
843 3157 971 3210 spumeus
990 3140 1080 3195 amuis

350 3229 406 3282 emit
424 3232 613 3297 oppositasque
631 3229 711 3283 euicit
726 3229 835 3298 purpite
852 3228 942 3291 moles,

348 3315 443 3380 femur
460 3315 493 3368 iu
510 3330 579 3368 arua
595 3315 696 3380 fureus
713 3314 822 3368 cumula
839 3329 1000 3382 camposque
1018 3327 1068 3379 per
1085 3312 1173 3366 mauis

349 3418 411 3456 cum
429 3403 542 3455 stabulis
559 3407 685 3455 urmeuta
702 3402 796 3455 trabit.

147 3509 244 3573 simili
267 3508 359 3573 modo
384 3509 503 3571 Aeneas
539 3510 570 3572 et
592 3507 715 3571 Turnus
745 3525 858 3591 magno
890 3525 961 3572 cnm
989 3505 1109 3587 impetu
1132 3522 1186 3586 per
1209 3503 1328 3585 proelia

144 3615 268 3677 ruentes
284 3612 363 3676 Aen.
379 3610 441 3675 ΧΠ
456 3610 519 3675 523
536 3629 601 3693 sqq.
620 3611 823 3676 conferuntur
840 3628 914 3674 cnm
930 3607 1073 3674 amnibus
1092 3608 1258 3690 spumosis,
1273 3609 1327 3689 qui

145 3716 252 3798 rapido
294 3734 387 3781 eursu
421 3716 453 3780 in
487 3733 612 3798 campos
645 3714 814 3780 decurrunt
848 3713 1013 3795 omniaque
1052 3711 1250 3796 populantur.
1296 3714 1327 3775 et

145 3821 224 3883 Aen.
247 3819 278 3883 X
293 3818 356 3883 603
368 3837 412 3900 sq.
440 3820 561 3884 Aeneas
575 3819 654 3884 furit
665 3836 752 3884 more
768 3818 923 3884 ‘torrentis
936 3836 1034 3900 aquae
1048 3819 1079 3881 et
1095 3815 1231 3881 turbinis
1243 3805 1325 3879 atri'.
1433 3806 1435 3810 ’

245 3923 394 3987 Horatius
417 3942 537 4005 quoque
561 3924 647 3988 illins
678 3923 807 3988 Homeri
835 3923 982 4006 imaginis
1012 3922 1079 3986 sine
1103 3921 1199 3987 dubio
1221 3937 1323 3984 reeor-

146 4027 236 4090 datus
259 4031 314 4104 est,
339 4044 410 4090 cum
434 4025 467 4090 O.
492 4026 538 4090 IV
563 4025 613 4104 14,
637 4026 680 4090 20
710 4044 776 4108 sqq.
808 4026 956 4091 maiorem
984 4025 1145 4089 Neronum
1174 4023 1326 4100 celebrat3

146 4129 305 4211 praeterea
329 4129 368 4192 cs.
394 4128 459 4194 Sat.
482 4128 497 4192 Ι
522 4129 552 4208 7,
576 4129 618 4195 26
641 4149 686 4211 sq.

248 4231 308 4296 Sed
330 4231 394 4296 iam
417 4231 457 4295 ad
480 4229 628 4296 Ovidium
644 4250 699 4296 nos
715 4234 942 4309 convertamus,
959 4230 1012 4313 qui
1029 4230 1113 4296 Hast.
1131 4231 1164 4295 ll
1180 4229 1245 4296 219
1259 4247 1326 4312 sqq.

147 4333 315 4399 Fabiorum
345 4353 483 4419 pugnam
513 4353 583 4400 cum
613 4335 753 4400 Etruscis
782 4335 927 4418 pluribus
956 4351 1106 4399 exornans
1135 4333 1327 4415 imaginibus

146 4439 369 4522 huncquoque
392 4438 637 4505 similitudinem
668 4441 705 4504 de
733 4441 871 4505 torrente
900 4439 1044 4522 usurpat,
1075 4441 1112 4502 nt
1133 4438 1326 4515 violentiam,

42 4545 43 4550 ’
146 4560 207 4624 qua
229 4542 279 4607 illi
302 4543 336 4607 in
357 4542 478 4608 hostem
503 4548 628 4610 ruentes
653 4543 769 4608 vallem
792 4545 959 4626 complent,
983 4543 1143 4608 ostendat:
