3370 5134
825 447 866 532 ‘--
913 482 977 548 τοο
1020 517 1061 529 -

348 675 475 758 praeter
498 671 580 740 huno
602 669 706 737 iocum
729 669 778 736 bis
802 669 910 736 eadem
933 670 1039 753 imago
1061 670 1095 734 in
1118 669 1251 753 Vergilii
1275 668 1414 737 Aeneide
1444 669 1536 736 nobis

349 774 497 855 occurrit,
521 774 549 838 V
571 773 636 841 242
650 793 707 857 sq.,
731 775 787 840 nbi
802 775 835 840 in
852 774 1024 842 certamine
1039 772 1142 839 navali
1159 773 1197 839 ab
1213 776 1320 842 Aenea
1336 777 1369 841 in
1386 775 1535 841 honorem

349 878 509 946 Anchisae
532 878 630 961 patris
653 876 813 958 instituto,
837 877 981 944 Cleanthi
1005 877 1109 944 navis:
1218 919 1222 926 ·

561 1035 568 1052 .
612 1034 620 1052 .
664 1036 671 1052 .
711 1001 775 1051 noto
793 995 874 1052 citios
892 995 1050 1065 volucrique
1067 996 1167 1067 sagitto

556 1083 594 1138 ad
611 1087 716 1137 terram
732 1083 805 1153 fagit
823 1087 849 1138 ct
865 1087 951 1150 porto
968 1097 997 1137 se
1015 1081 1138 1137 coadidit
1156 1082 1220 1148 olto,

353 1207 385 1275 et
407 1203 472 1273 XII
494 1202 558 1269 855
582 1224 660 1290 sqq,
684 1222 745 1290 qno
768 1207 835 1271 loco
858 1205 952 1274 Dirae
975 1206 1098 1274 volatus
1122 1205 1156 1273 in
1179 1209 1289 1285 terras,
1319 1199 1398 1290 quae
1420 1225 1439 1274 a
1464 1208 1541 1273 Iove

351 1306 518 1382 Iuturnam
541 1328 559 1380 a
582 1309 664 1378 bello
687 1326 816 1376 avocare
839 1310 923 1380 iussa
946 1311 1002 1386 est,
1026 1309 1085 1375 hac
1108 1309 1228 1380 ratione
1250 1310 1447 1380 illustratur:

556 1429 607 1484 illa
624 1429 698 1484 colat
715 1429 848 1498 celerano
866 1428 903 1484 od
921 1434 1026 1486 terram
1043 1429 1155 1484 turbine
1172 1429 1273 1498 sertor,

515 1508 518 1519 '
558 1530 709 1569 acescens
726 1529 758 1568 oc
775 1531 860 1570 nervo
876 1530 928 1584 per
947 1514 1045 1568 notem
1062 1516 1177 1583 inpulsa
1194 1518 1303 1586 sagitta,

558 1605 693 1655 carratam
711 1601 787 1656 sacal
804 1599 929 1655 Parthas
946 1617 1029 1670 qaam
1047 1599 1112 1666 felle
1129 1602 1236 1667 cemos,

557 1687 680 1741 Parthae
697 1687 753 1741 siae
774 1685 877 1757 apolon,
896 1687 980 1742 telam
997 1686 1197 1756 inmedicabile,
1215 1681 1303 1753 torsit,

555 1773 680 1832 rtaddcaa
699 1778 726 1828 et
743 1772 837 1830 miens
854 1773 999 1844 incognita
1017 1774 1142 1834 cranao
1160 1773 1287 1834 asthma:

559 1859 625 1920 talto
643 1875 671 1914 aa
688 1865 751 1916 sato
768 1857 856 1916 Nocte
874 1859 940 1916 ludit
958 1863 1101 1932 terraeque
1115 1859 1223 1930 petivit.

353 2001 487 2066 quorum
510 1980 649 2047 locorum
672 1999 843 2050 memorem
866 1999 934 2047 sese
950 1981 1108 2064 praestitit
1123 1980 1265 2058 (tridino,
1290 2001 1361 2048 cum
1377 1937 1541 2052 ructum

355 2087 417 2152 776
441 2104 509 2170 sqq.
533 2085 573 2150 ad
588 2085 783 2152 celeritatem
798 2084 952 2169 hactapis,
976 2085 1063 2152 oanis
1080 2085 1277 2166 velocissimi,
1300 2084 1541 2171 significandam

356 2189 415 2256 hae
436 2188 647 2254 similitudine
670 2207 745 2254 usus
765 2192 830 2253 eet:

664 2340 934 2364 ......
972 2323 1028 2362 aaa
1045 2307 1120 2362 ocior
1136 2307 1185 2362 allo

559 2395 639 2450 lancta
656 2409 707 2449 accc
723 2399 823 2448 arator
840 2398 963 2448 coctano
980 2395 1087 2450 catere
1102 2394 1225 2466 gicadae,

560 2497 610 2536 nec
632 2481 799 2550 &maniaco
817 2482 940 2535 calamae
957 2481 1022 2536 laeta
1040 2482 1097 2536 exit
1114 2481 1149 2536 ab
1167 2497 1246 2536 arca.

355 2607 442 2676 uides
465 2604 550 2672 enim
585 2605 666 2671 illud
691 2604 783 2670 ‘ocior
815 2603 917 2669 hasta'
950 2604 997 2669 ita
1029 2602 1170 2687 proxime
1204 2605 1348 2671 accedero
1377 2604 1418 2670 ad
1442 2604 1540 2670 ‘ocior

354 2698 478 2790 iacolc',
512 2710 549 2778 ut
571 2707 778 2794 ‘Gortyniaco'
811 2712 851 2775 ad
873 2699 1011 2792 ‘Oydoffi
1045 2710 1171 2792 praeter
1199 2709 1290 2788 hunc,
1321 2728 1415 2792 quem
1446 2709 1544 2774 modo

356 2814 574 2892 tractavimus,
598 2813 702 2880 locum
726 2810 914 2878 Ouidianum
938 2813 1048 2882 cadom
1071 2811 1174 2895 imago
1197 2812 1235 2878 de
1251 2812 1372 2898 sagitta
1387 2812 1544 2894 reperitur

355 2917 433 2986 Met.
455 2917 487 2986 X
507 2915 570 2982 588
593 2935 649 2999 sq,
673 2915 727 2981 nbi
750 2915 920 2981 Atalantae
943 2916 1087 2981 celeritas
1110 2915 1160 2980 his
1185 2915 1288 2981 verbis
1310 2919 1488 2982 exornatur:

563 3051 634 3104 quac
651 3051 816 3104 qroamqaonr
834 3034 961 3105 Scythico
978 3051 1037 3091 noa
1053 3035 1139 3090 actiaca
1156 3036 1199 3089 irc
1216 3036 1318 3105 sapida

553 3121 650 3176 ,nona
667 3123 728 3183 aian
746 3127 784 3176 aot
801 3121 897 3178 iaceat
968 3159 977 3176 .
1056 3160 1065 3174 .
1144 3160 1153 3176 .
1229 3158 1238 3176 .

358 3261 420 3328 qua
442 3244 475 3308 in
509 3243 647 3324 imagine
674 3242 827 3326 ‘Scythica
850 3242 977 3327 sagitta·
1010 3247 1272 3310 commemoratur
1306 3245 1415 3310 eodem
1438 3245 1543 3327 modo,

359 3364 419 3432 quo
443 3349 525 3430 apud
549 3346 724 3432 Vergilium
750 3345 902 3413 ‘Parthus’
926 3349 958 3412 in
981 3347 1191 3413 similitudine
1213 3347 1383 3414 inducitur.

463 3467 577 3548 Quodsi
600 3485 710 3533 saxum
734 3467 845 3532 durum
870 3466 982 3534 Ouidio
1006 3469 1114 3552 aptam
1136 3468 1280 3551 praebuit
1309 3469 1479 3552 imaginem
1503 3471 1540 3534 ad

359 3572 458 3638 animi
481 3570 617 3654 rigorem
639 3571 690 3637 vel
713 3572 870 3652 torporem
905 3563 1147 3657 illustrandum,
1182 3571 1248 3638 eius
1282 3565 1357 3637 usus
1385 3572 1543 3655 permulta

359 3676 466 3740 extant
488 3675 570 3758 apud
593 3675 729 3758 tragicos
753 3673 887 3741 Graecos
910 3675 1058 3758 exempla,
1095 3695 1172 3758 quae
1196 3675 1365 3757 diligenter
1388 3674 1542 3760 congessit

359 3777 501 3864 Rappold
534 3777 583 3845 III
617 3797 646 3860 p.
680 3779 723 3846 36
756 3797 822 3862 sqq.
857 3780 916 3845 huc
950 3780 1114 3845 referenda
1145 3780 1193 3844 est
1225 3798 1262 3845 ea
1294 3780 1415 3863 imago,
1448 3797 1540 3862 qnam

359 3880 535 3967 Aeschylus
559 3880 689 3950 chorum
711 3883 741 3949 in
764 3883 869 3949 Prom.
894 3902 923 3948 a.
948 3883 1013 3950 242
1036 3882 1293 3967 pronuntiantem
1316 3883 1412 3950 facite
1485 3917 1488 3926 ·

567 4001 754 4070 σιδηρόφρων
772 4019 805 4058 τε
823 4003 877 4062 κάκ
894 4003 1001 4072 πέτρας
1018 4001 1215 4072 εἰργασμένος.

360 4122 500 4292 itemqu&
523 4125 644 4204 πέτραν
666 4142 737 4188 cum
761 4125 884 4211 σιδήρῳ
919 4125 1119 4191 coniunctam
1154 4126 1252 4191 habes
1273 4125 1308 4191 ln
1331 4126 1439 4209 Eurip.
1462 4125 1540 4191 Med.

358 4246 390 4294 ν.
414 4227 430 4290 1
457 4227 480 4290 l
520 4247 602 4310 sqq:

568 4349 686 4412 τάλαιν’,
706 4349 746 4412 ὼς
764 4348 808 4416 ἄρ’
827 4349 901 4414 ἦσθα
921 4349 1025 4416 πέτρος
1043 4351 1061 4416 ἢ
1081 4349 1148 4404 σίδα
1167 4379 1200 4390 -

567 4450 624 4502 ρος,
643 4435 704 4498 ἅτις
722 4435 835 4488 τέκνων
854 4436 887 4489 ὃν
906 4436 1001 4499 ἔτεκες
1073 4461 1078 4472 ·

568 4521 676 4588 ἄροτον
696 4521 841 4589 αὐτόχειρι
861 4520 944 4591 μοίρᾳ
962 4527 1081 4586 κτενεῖς.
