3370 5134
605 508 841 573 -113-

132 697 214 781 quod
237 696 292 762 uni
316 697 480 780 eidemque
508 698 553 762 rei
588 697 799 763 illustrandae
821 697 1012 774 inserviunt,
1048 697 1170 762 scilicet
1204 698 1319 762 amoris

130 801 347 866 vehementiae
370 800 567 868 indicandae.
603 801 658 865 sed
692 801 750 865 hoc
773 803 856 866 certe
879 801 947 866 leve
970 801 1027 883 est,
1062 800 1145 883 quia,
1180 799 1213 865 id
1237 800 1319 882 quod

129 905 194 970 iam
206 921 300 987 supra
311 904 385 986 dixi,
398 903 482 968 idem
496 904 645 986 loquendi
661 923 760 988 genus
777 905 808 967 in
826 903 969 980 omnibus
984 904 1083 985 poetis
1100 907 1132 969 et
1143 903 1274 972 Graecis
1288 905 1320 967 et

131 1007 254 1072 Latinis
269 1007 431 1072 invenitur
446 1008 501 1078 ita.
518 1012 554 1072 ut
567 1006 717 1072 Ovidium
733 1008 767 1071 in
783 1007 924 1072 eiusdem
936 1005 1152 1072 translationis
1168 1025 1227 1072 usu
1243 1006 1320 1072 reci-

130 1110 243 1192 piendo
256 1110 393 1194 aliquem
405 1113 563 1176 auctorem
580 1114 653 1175 ante
671 1111 775 1175 oculos
788 1109 931 1175 habuisse
947 1109 1033 1174 nullo
1044 1114 1143 1192 pacto
1166 1109 1317 1176 affirmari

131 1215 243 1298 possit.
267 1213 294 1277 si
316 1213 417 1297 igitur
440 1212 591 1279 contendo
608 1213 641 1277 in
655 1214 704 1278 his
720 1213 913 1295 imaginibus
930 1211 970 1277 ab
987 1211 1054 1296 igni
1069 1213 1188 1296 petitis,
1205 1216 1319 1297 quibus

131 1316 179 1380 vis
204 1317 237 1380 et
259 1317 456 1382 vehementia
490 1318 604 1382 amoris
637 1317 725 1382 varie
760 1316 962 1394 describitur,
998 1316 1146 1383 Ovidium
1180 1319 1318 1384 Lucretii

131 1422 291 1503 spectasse
313 1421 536 1486 auctoritatem
559 1425 647 1505 eique
671 1421 723 1486 vel
744 1421 882 1486 maxime
906 1420 1082 1496 indulsisse,
1113 1421 1146 1486 id
1168 1421 1320 1486 nimirum

132 1543 196 1590 non
217 1525 264 1590 ita
284 1525 466 1608 intellegas,
488 1543 524 1590 ac
547 1523 574 1588 si
597 1527 722 1607 poetam
744 1524 837 1588 huius
861 1523 1078 1618 translationis
1101 1513 1194 1588 usum
1217 1543 1233 1588 6
1256 1526 1319 1590 Inu-

133 1627 231 1692 oretio
254 1627 425 1709 sumpsisse
448 1627 635 1694 existimem.
661 1627 758 1692 immo
783 1627 863 1691 illud
885 1629 1012 1691 tantum
1034 1627 1067 1691 in
1095 1627 1155 1692 hac
1177 1627 1320 1711 disputa·
1432 1663 1434 1667 ·

133 1731 229 1796 tionis
245 1735 334 1815 parte
351 1731 478 1796 evicisse
494 1730 574 1795 mihi
591 1730 697 1796 videor
712 1730 883 1808 Nasonem,
901 1749 973 1795 cum
988 1731 1070 1794 sicut
1085 1731 1196 1812 reliqui
1212 1733 1319 1814 poetae

134 1854 272 1901 amorem
295 1834 433 1916 imagine
457 1853 493 1898 61
515 1834 583 1917 igni
602 1834 708 1916 petita
722 1833 940 1899 illustraturus
957 1837 1050 1909 esset,
1067 1833 1123 1900 has
1137 1833 1222 1916 ipsas
1238 1835 1321 1918 ignis

134 1938 358 2022 descriptiones
381 1942 419 2003 ad
442 1937 544 2002 varios
562 1938 701 2002 Lucretii
723 1937 805 2002 locos
828 1937 890 2002 huc
906 1939 1085 2020 spectantes
1101 1938 1320 2005 conformasse.

135 2061 196 2124 qua
220 2061 292 2107 cum
315 2061 349 2106 re
371 2041 488 2123 optime
511 2041 666 2119 convenit,
691 2043 771 2123 quod
787 2039 918 2106 Ovidius
934 2041 1028 2106 Trist.
1052 2041 1085 2105 II
1100 2041 1166 2112 425
1181 2042 1321 2112 Lucretii

136 2146 310 2211 carminum
332 2147 526 2211 mentionem
548 2146 689 2211 facturus
712 2147 789 2211 haec
812 2147 905 2212 dicit:

341 2265 511 2333 explicuisti
528 2280 625 2319 causae
643 2264 739 2334 rapidi
757 2265 908 2320 Lucretius
926 2266 1008 2335 iguis.

136 2388 229 2453 quem
244 2388 376 2434 uersum
398 2370 486 2434 uarie
508 2370 707 2453 interpretati
730 2371 806 2434 sunt
828 2370 888 2434 viri
911 2369 1006 2448 docti,
1042 2389 1121 2436 cum·
1137 2371 1193 2437 alii
1218 2373 1322 2437 verbis

136 2473 247 2555 ‘rapidi
269 2473 361 2557 ignis'
382 2472 513 2551 fulmen,
537 2472 592 2537 alii
615 2473 720 2556 ignem
741 2477 904 2555 tamquam
927 2475 1120 2539 elementum
1149 2475 1321 2559 significari

137 2575 369 2642 contenderent.
405 2595 515 2642 verum
550 2577 627 2643 haec
659 2576 870 2642 controuersia
903 2578 986 2643 certe
1009 2595 1239 2660 supervacanea
1262 2581 1320 2645 est.

136 2699 210 2746 nam
243 2683 351 2744 utrum
384 2681 423 2744 de
457 2680 638 2746 elementari
670 2679 738 2764 igni
771 2699 812 2745 an
840 2683 878 2746 de
907 2680 1040 2746 fulmine
1074 2683 1207 2765 cogites,
1242 2683 1323 2748 nihil

136 2781 263 2850 omniuo
285 2783 392 2862 refert,
427 2783 678 2865 quandoquidem
699 2783 863 2866 utriusque
893 2784 975 2868 ignis
999 2802 1109 2849 causae
1132 2804 1151 2850 a
1172 2785 1321 2851 Lucretio

136 2887 345 2972 explicantur,
370 2886 489 2951 scilicet
511 2886 654 2951 fulminis
679 2905 789 2952 causae
812 2886 858 2952 VI
878 2889 938 2953 160
954 2906 1019 2970 sqq.
1039 2891 1071 2952 et
1086 2889 1169 2973 ignis
1186 2891 1322 2954 elemen-

136 2992 215 3056 taris
239 3007 351 3054 causae
366 2989 396 3054 V
412 2988 575 3074 1091sqq.
597 2989 747 3056 Ovidium
772 2994 877 3057 autem
893 2995 1059 3075 utramque
1074 2991 1323 3075 disputationem

136 3095 263 3180 penitus
283 3093 447 3159 memoria
480 3111 537 3159 sua
570 3095 709 3161 tenuisse
745 3097 815 3179 quis
849 3099 906 3177 est,
941 3099 994 3180 qui
1017 3097 1194 3163 infitietur?
1215 3097 1322 3180 itaque

138 3201 248 3280 aptum
271 3199 303 3261 et
324 3197 514 3262 facillimum
536 3197 630 3263 habet
654 3199 853 3282 explicatum,
877 3202 959 3282 qnod
982 3199 1066 3266 Naso
1095 3199 1236 3266 Lucretii
1259 3201 1325 3264 dis·

137 3301 324 3384 potationes
338 3299 376 3364 de
398 3299 465 3383 igni
489 3298 547 3365 hoc
569 3319 660 3365 uersu
683 3303 953 3368 commemoravit.
1013 3379 1016 3386 ,

241 3419 353 3484 Restat
376 3420 412 3484 ut
434 3419 494 3483 duo
516 3421 734 3485 tantummodo
762 3439 875 3504 genera
897 3407 1072 3506 imaginum
1095 3421 1326 3488 Ouidianarnm

139 3524 196 3589 hac
218 3525 252 3588 in
285 3521 515 3589 dissertationis
549 3526 638 3603 parte
661 3539 950 3602 commemoremus,
985 3544 1118 3609 quorum
1151 3529 1188 3591 de
1221 3529 1324 3614 priore

141 3645 214 3694 cum
228 3628 294 3692 iam
309 3626 453 3709 Zingerle
470 3626 504 3690 II
520 3626 561 3692 23
576 3645 621 3709 sq.
638 3628 814 3693 accuratius
837 3626 1058 3712 disputaverit,
1082 3629 1163 3694 mihi
1178 3630 1213 3695 id
1226 3625 1326 3693 unum

143 3731 343 3812 relinquitur,
368 3733 404 3794 ut
420 3731 503 3795 locos
519 3732 601 3813 ipsos
617 3732 744 3796 afferam
767 3733 862 3815 atque
885 3733 1057 3812 ostendam,
1082 3751 1144 3814 qua
1166 3733 1327 3798 occasione
1410 3733 1412 3739 ’

140 3833 272 3901 Ovidius
287 3833 512 3916 descriptiones
527 3834 678 3916 quasdam
694 3835 902 3900 Lucretianas
925 3837 957 3902 in
980 3855 1074 3902 usum
1090 3855 1182 3901 suum
1198 3855 1326 3902 conver·

140 3937 227 4004 terit.
252 3955 289 4001 er
311 3953 346 4000 eo
369 3937 463 4012 enim,
498 3939 580 4019 q'uod
603 3939 695 4020 glans
730 3938 879 4019 plumbea
911 3938 946 4004 in
968 3944 1040 4004 adra
1074 3939 1189 4005 emissa
1218 3939 1327 4023 rapido

140 4041 249 4106 volatu
271 4039 434 4105 incalescit
467 4041 634 4123 ignemque
668 4041 822 4124 concipit,
856 4045 935 4108 duae
957 4045 1141 4126 prodierunt
1175 4045 1328 4128 imagines

141 4143 325 4226 Ouidianae,
349 4163 481 4227 quarum
504 4163 567 4210 una
589 4145 666 4214 Met.
690 4147 722 4211 11
745 4147 806 4210 727
832 4166 900 4230 sqq.
922 4149 1053 4232 legitur,
1076 4148 1131 4212 ubi
1146 4148 1325 4214 Mercurius

140 4249 174 4314 in
197 4253 266 4313 aire
287 4249 424 4329 pendens
448 4247 567 4314 Hersae
588 4248 824 4330 pulchritudine
850 4255 976 4334 captus:

348 4401 407 4440 11611
422 4400 498 4440 secus
515 4387 626 4452 exarsit,
645 4402 728 4456 quam
745 4403 807 4441 cum
824 4386 976 4441 Balearica
989 4387 1134 4455 plumbum

349 4471 444 4536 funda
460 4472 539 4526 iacit:
556 4473 630 4526 colet
646 4471 719 4528 illud
737 4477 763 4528 et
780 4472 950 4528 incandescit
968 4472 1068 4539 61111111,

350 4562 377 4611 et
395 4572 461 4627 quoe
477 4573 535 4612 11111
551 4559 657 4625 hatrat
674 4559 724 4613 suo
741 4558 859 4616 aubibus
877 4559 985 4613 1111161111
1002 4561 1088 4628 ipses,

1210 4647 1226 4695 8
