3370 5134
634 508 843 572 ..95-

352 695 385 760 te
403 710 459 748 που
479 695 510 748 ἐν
529 698 628 764 γαυλῷ
648 696 777 762 κέχυται·
801 696 818 761 ἢ
840 696 864 747 δ’
883 698 951 750 ἔνθα
971 700 1017 750 καὶ
1037 698 1106 752 ἔνθα

286 827 289 836 ,
351 780 437 852 ὠκείῃ
457 783 648 850 στροφάλιγγι
665 783 833 838 τινάσσεται
851 784 998 872 ἀΐσσουσα.

143 887 197 950 aad
221 885 393 969 imaginem
416 887 506 954 illam
528 907 564 954 ex
586 888 730 976 Lucretio
761 907 882 973 quoque
904 889 1030 956 haurire
1062 889 1166 974 potuit
1188 888 1329 971 Ovidius,

142 989 226 1072 apud
259 1007 353 1071 quam
380 989 428 1054 IV
450 989 514 1058 209
537 1009 616 1076 sqq„
652 990 707 1058 ubi
741 992 778 1058 ds
810 991 904 1058 celeri
939 994 1112 1076 imaginum
1146 994 1328 1060 traiectione

143 1092 333 1175 disputatur,
350 1093 458 1158 eadem
473 1095 603 1160 luminis
620 1094 660 1159 ab
676 1113 757 1178 eque
772 1095 958 1180 refulgentis
974 1095 1142 1179 descriptio
1153 1096 1329 1163 invenitur:

348 1214 397 1268 boe
415 1215 497 1267 etlam
515 1215 546 1267 e'a
562 1215 660 1281 prinas
677 1215 812 1283 specimen
830 1231 924 1270 aeram
942 1232 998 1270 esse
1015 1216 1134 1282 sidetem

349 1315 430 1367 qaam
448 1301 531 1353 celeri
548 1306 624 1354 mota
641 1316 735 1355 reram
753 1301 903 1355 simulacra
920 1303 1059 1368 saeratae,

350 1386 423 1454 qaod
440 1386 523 1439 amal
541 1401 574 1439 ae
588 1387 712 1454 primam
729 1388 779 1442 aab
798 1387 848 1441 dia
866 1389 996 1456 splendor
1014 1389 1100 1458 aqaai

346 1473 475 1540 positar,
494 1473 627 1540 extemplo
646 1473 723 1527 eaelo
741 1473 870 1528 stellante
887 1491 986 1529 sereaa

348 1558 444 1612 sidera
462 1558 628 1628 respondeat
646 1560 678 1613 ia
696 1573 771 1628 aqaa
788 1561 934 1615 radiantia
950 1562 1063 1618 maele.

141 1680 234 1764 idque
246 1678 449 1746 confirmetis
461 1681 596 1763 quodam
609 1683 700 1746 modo
713 1699 756 1759 eo,
769 1687 848 1764 quod
862 1685 943 1766 apud
957 1683 1137 1750 Lucretium
1149 1705 1178 1752 v.
1187 1684 1250 1752 269
1262 1705 1328 1768 sqq.

140 1803 221 1851 nova
243 1783 426 1866 disputatio.
457 1802 536 1866 quae
559 1785 598 1848 ad
621 1784 776 1868 imagines
800 1803 818 1849 a
841 1787 959 1868 speculi
993 1787 1154 1870 superficie
1183 1789 1328 1871 repulsas

140 1889 289 1972 pertinet,
312 1887 360 1954 sic
382 1887 563 1954 incohatur:

347 2023 424 2063 mate
440 2024 499 2078 age,
518 2023 569 2064 ear
586 2009 663 2064 altra
679 2011 821 2078 speculam
838 2010 967 2065 elaeatae
983 2011 1071 2082 imago

342 2095 473 2167 percipe:
489 2111 556 2150 aaa
573 2101 643 2151 certe
660 2097 771 2166 pendas
788 2102 891 2152 semoto
907 2095 1019 2152 oidelae

271 2181 329 2235 290
342 2171 402 2235 ‘eltis
419 2196 489 2250 qaae
505 2180 626 2236 rectane
642 2182 816 2250 speealoram
834 2198 868 2236 ea
886 2198 1003 2251 aequore
1020 2184 1115 2238 αιάαιιι.

140 2301 222 2368 unde
244 2303 308 2367 iam
333 2303 467 2369 conicias
490 2301 637 2368 Ovidium
662 2305 875 2387 descriptione
897 2305 955 2371 illa
978 2307 1150 2372 excitatum
1173 2326 1255 2391 esse,
1292 2311 1328 2374 ut

140 2407 174 2472 in
197 2407 300 2488 priore
324 2409 460 2490 imagine
482 2425 577 2488 supra
598 2411 759 2491 proposita
781 2410 856 2474 solis
881 2409 988 2475 lumen
1011 2429 1073 2475 non
1096 2410 1136 2476 ab
1159 2430 1249 2494 aqua,
1274 2411 1327 2506 sed

140 2527 158 2574 a
180 2509 301 2594 speculi
323 2509 487 2592 superficie
511 2511 670 2592 repulsum
694 2512 859 2577 induxerit.
896 2512 983 2591 adde,
1017 2515 1099 2596 quod
1123 2513 1204 2579 aliae
1229 2515 1329 2581 etiam

139 2613 294 2698 imagines
319 2613 489 2679 Ouidianae
513 2633 586 2678 cum
608 2615 876 2697 descriptionibus,
900 2635 979 2698 quas
1002 2635 1035 2680 se
1057 2619 1090 2681 in
1114 2616 1223 2683 eodem
1246 2617 1327 2684 libro

141 2717 330 2783 Lucretiano
353 2717 529 2800 excipiunt,
553 2717 729 2800 conspirare
753 2718 909 2786 videntur.
943 2738 1018 2786 nam
1039 2721 1177 2802 primum
1201 2721 1328 2803 quidem

141 2820 303 2906 probabile
338 2826 386 2886 est
420 2819 567 2885 Ovidium
602 2841 670 2887 eam
704 2821 953 2901 similitudinem,
982 2841 1044 2905 qna
1065 2823 1215 2892 miseram
1237 2842 1328 2890 suem

142 2922 356 2990 condicionem
381 2943 417 2986 en
441 2923 477 2989 P.
502 2923 552 2988 ll'l
575 2927 606 3002 4,
621 2923 741 3007 '49'sq.
766 2926 886 2990 R'ufino'
902 2927 947 2991 sie
966 2926 1150 3009 desciipsitz

347 3049 431 3112 algae
448 3043 634 3110 reformidant
651 3046 789 3098 lasaetam
807 3045 914 3100 lamiae
931 3047 1021 3116 solem,
1163 3041 1164 3048 '

397 3131 436 3184 sic
453 3131 490 3184 ad
508 3131 644 3184 laetitiam
661 3147 739 3186 meas
756 3147 817 3186 mea
834 3133 923 3202 segals
942 3139 1008 3198 erat,

141 3273 157 3315 e
181 3251 321 3317 Lucretii
344 3251 550 3334 descriptione
573 3273 603 3319 v.
626 3253 690 3318 299
714 3271 780 3336 sqq.
797 3254 1035 3339 deprompsisse,
1057 3254 1113 3320 ubi
1129 3255 1180 3320 hic
1195 3256 1326 3321 eandem

140 3375 218 3436 rem,
253 3375 332 3438 quae
356 3355 496 3440 imagine
519 3355 672 3422 Ouidiana
694 3357 883 3436 continetur,
919 3357 977 3422 bae
999 3357 1120 3423 ratione
1143 3359 1325 3442 explicavit:

345 3493 492 3563 splendida
506 3510 593 3562 porro
610 3495 684 3550 oeall
700 3495 825 3564 fagitaat
843 3496 987 3564 aitaatqae
1004 3496 1093 3550 laert.-

344 3581 385 3636 sol
403 3581 486 3636 etlam
502 3587 604 3649 caecat,
621 3586 716 3636 seara
732 3581 757 3634 si
774 3581 887 3636 teadere
901 3597 1010 3652 pergas,

342 3674 495 3737 proptera
512 3669 580 3737 qaia
597 3668 637 3723 eis
654 3673 780 3740 magnast
796 3669 893 3740 ipsias,
912 3675 939 3724 et
956 3669 1011 3724 alte

346 3758 413 3810 ae'ra
427 3771 482 3824 per
496 3771 604 3824 param
621 3756 744 3825 praelter
760 3756 911 3811 simelaera
927 3756 1061 3823 seruatae

348 3847 374 3896 et
391 3843 502 3909 feriaret
519 3843 617 3910 acala,
637 3843 783 3898 turbantia
801 3845 1008 3913 eaaposltaras.

344 3933 489 3996 praetem
507 3929 638 3997 splendor
655 3930 704 3998 pai
721 3945 836 3998 araeque
853 3936 892 3984 est
911 3945 975 3986 acer
991 3931 1087 3986 adrat

343 4028 427 4082 saepe
443 4015 535 4071 orales
552 4013 614 4069 ideo
632 4014 705 4084 qaod
722 4017 830 4070 secusia
844 4015 967 4085 possidet
983 4017 1057 4087 leals
1154 4027 1156 4034 ’

345 4101 441 4168 malta,
461 4101 579 4156 dolorem
597 4101 683 4157 ceolis
700 4117 771 4170 qaae
787 4103 908 4172 gigaaat
925 4103 1108 4160 laslaaaado.

141 4221 278 4304 itemque
301 4221 437 4290 imitatio
459 4225 649 4290 Lucretiana
670 4225 770 4291 latere
791 4226 916 4294 videtur
939 4227 1035 4292 Trist
1058 4227 1091 4294 H
1112 4225 1178 4293 325
1194 4245 1249 4312 sq„
1266 4245 1326 4310 quo

142 4323 205 4389 loco
220 4323 317 4410 Naso,
342 4343 414 4391 cum
436 4327 620 4413 Augustum
642 4328 703 4393 hae
725 4328 934 4396 similitudine
956 4331 1079 4414 prolata
1093 4329 1239 4398 adulatus
1262 4333 1326 4398 est:

344 4469 429 4533 atque
446 4465 563 4520 trabant
580 4465 672 4521 oealos
690 4465 835 4521 amicalia
853 4469 960 4523 lamiae
977 4467 1049 4536 solis,

396 4553 550 4607 traxissent
566 4553 690 4608 acimum
707 4554 747 4609 sle
763 4559 815 4609 taa
831 4554 910 4621 faeta
927 4573 1024 4623 ιαααιιι,
