3370 5134
817 535 1026 602 „92-

532 732 590 780 tam
605 726 812 795 perterricrepo
829 725 925 780 accita
942 725 993 780 dot
1009 725 1075 792 fissa
1091 726 1238 793 fragorem.

532 827 584 866 aec
600 811 708 876 miram,
728 827 790 867 cam
802 813 892 880 plena
909 811 1020 866 animae
1037 811 1176 865 vensicula
1190 825 1283 878 paroc

532 913 614 966 caepe
632 897 679 952 det
696 897 764 952 baia
777 913 897 966 pascam
914 898 1036 952 accitam
1054 897 1177 966 displosa
1194 903 1316 966 repente.

326 1019 442 1104 quibus
465 1018 542 1084 locis
557 1017 615 1085 hoc
636 1038 756 1102 quoque
779 1020 875 1084 velim
897 1019 1131 1086 animadvertas
1148 1017 1253 1086 Ovidii
1268 1021 1395 1086 verbnm
1414 1007 1512 1084 ‘solet'

327 1123 460 1190 eandem
482 1122 597 1189 hahere
619 1122 881 1208 significationem
905 1142 998 1205 quam
1022 1122 1159 1188 Lucretii
1181 1121 1364 1190 adverbium
1389 1121 1510 1206 ‘saepe'.

326 1231 467 1293 ceterum
501 1228 611 1292 eadem
644 1227 781 1308 imagine
816 1225 878 1291 alio
912 1226 1008 1291 otiam
1042 1225 1110 1292 loco
1143 1244 1218 1292 usus
1251 1227 1302 1292 ost
1323 1223 1417 1304 Naso,
1442 1225 1511 1291 dico

325 1331 409 1398 Met.
431 1331 490 1398 XV
511 1330 576 1395 303
598 1348 662 1413 cqc

531 1453 672 1524 extentam
688 1467 826 1534 tumefecit
844 1469 963 1530 bamam,
983 1483 1030 1521 cea
1047 1468 1164 1536 spiritus
1183 1468 1241 1522 orie

531 1555 643 1610 tendere
661 1556 775 1610 oeae'com
792 1554 858 1608 solet
931 1591 940 1610 .
1017 1589 1026 1609 .
1104 1589 1114 1609 .
1190 1589 1200 1610 .

428 1679 487 1745 His
501 1677 764 1764 similitudinibus
780 1678 875 1742 aliam
891 1678 1069 1762 adiungam,
1087 1679 1164 1761 quae
1181 1679 1221 1744 ad
1236 1678 1366 1745 flumina
1382 1681 1510 1746 nebulas

324 1781 506 1849 exhalantia
527 1781 672 1866 pertinet.
708 1781 741 1845 in
775 1782 853 1847 Met.
877 1781 961 1846 enim
994 1781 1016 1846 I.
1040 1781 1120 1847 XIII
1152 1783 1217 1849 600
1248 1801 1314 1865 sqq.
1350 1788 1507 1860 narratur,

325 1905 418 1970 quem
432 1887 471 1952 ad
483 1888 611 1951 modam
622 1884 742 1950 cineres
754 1883 930 1949 Memnonis
953 1884 985 1948 in
1002 1903 1074 1950 aves
1091 1886 1231 1950 murensi
1246 1887 1319 1952 sint.
1342 1904 1404 1968 qua
1418 1904 1509 1952 occa·

325 1990 417 2055 sione
439 1992 532 2072 poeta
554 1990 677 2054 fumum
697 1989 812 2064 atrum,
836 1987 919 2052 diem
936 1987 1164 2073 obscurantem,
1182 1989 1303 2055 confert
1318 2008 1390 2055 cum
1404 1987 1509 2056 fluviis

325 2092 457 2158 nebulas
480 2091 711 2170 emittentibus,
735 2109 814 2174 quae
836 2091 911 2156 solis
934 2091 1039 2157 lumen
1056 2093 1238 2159 obscurant:

688 2265 694 2278 .
739 2266 745 2279 .
786 2244 848 2282 cam
867 2229 1026 2282 Memnonis
1044 2229 1152 2283 arduas
1169 2230 1227 2284 alto

529 2315 636 2368 corruit
653 2313 717 2384 igne
734 2330 815 2384 rogae
833 2315 960 2384 nigrique
977 2315 1117 2369 velamina
1132 2316 1205 2382 fami

528 2402 650 2467 infecere
668 2399 747 2465 diem,
766 2402 852 2455 oelatc'
870 2417 931 2454 cam
948 2401 1065 2468 flamina
1083 2408 1166 2456 notos

529 2487 661 2541 exhalant
679 2484 799 2550 achatae,
820 2503 870 2541 aec
888 2487 929 2541 aot
947 2487 1104 2542 adeaittc‘tar
1122 2489 1208 2555 infra,
1248 2488 1250 2496 ’

529 2578 595 2628 utra
611 2569 711 2640 sacillo
729 2573 804 2627 eolat
878 2608 888 2628 .
966 2612 972 2625 .
1050 2609 1060 2630 .
1138 2612 1145 2626 .

322 2700 414 2765 locus
436 2697 651 2780 Lucretianus,
675 2696 715 2762 ad
739 2714 829 2779 quem
846 2695 978 2796 Ovidius
1000 2698 1033 2763 in
1056 2699 1116 2763 hac
1130 2698 1269 2782 imagine
1285 2698 1507 2766 conscribenda

322 2821 389 2868 sese
412 2800 598 2884 composuit,
622 2802 670 2865 est
693 2799 722 2864 V
737 2800 803 2866 460
818 2818 895 2885 sqq,
911 2800 963 2866 nbi
980 2800 1035 2865 ille
1050 2800 1160 2865 mundi
1176 2807 1280 2866 ortum
1296 2802 1507 2886 explicaturus

323 2905 484 2971 aetherem
506 2902 609 2970 levem
631 2905 725 2986 atque
747 2903 928 2988 igniferum,
964 2904 1016 2986 qui
1051 2905 1141 2990 longe
1175 2905 1301 2988 lateque
1334 2905 1367 2972 in
1401 2924 1506 2974 omnes

321 3011 426 3091 partes
460 3006 589 3074 diffusus
622 3007 742 3090 ingenti
776 3007 897 3072 ambitu
920 3007 1039 3092 rehqua
1061 3007 1166 3074 omnia
1195 3007 1415 3091 amplectitur,
1450 3011 1508 3078 hac

322 3110 464 3176 illustrat
486 3109 707 3194 descriptione:

527 3264 586 3304 aon
603 3247 662 3302 alio
679 3247 759 3317 longe
777 3247 889 3301 catione
908 3264 941 3302 oc
958 3263 1038 3316 saepe
1055 3247 1193 3315 videatur,

528 3350 616 3390 careo
633 3351 694 3388 cum
709 3335 830 3404 primum
848 3335 1010 3404 gemmantis
1028 3350 1090 3390 rore
1107 3351 1158 3403 per
1176 3335 1271 3390 hochoe

528 3422 667 3477 matutino
684 3422 784 3476 rubeat
800 3421 910 3476 radiati
927 3421 1035 3477 tamtan
1052 3421 1125 3486 solia,

529 3508 641 3562 molare
658 3508 735 3562 laone
753 3507 880 3562 academ
898 3508 1030 3577 flavique
1044 3523 1188 3577 perennes,

528 3595 644 3665 ipsaque
661 3599 694 3649 ut
710 3594 788 3649 tator
806 3593 872 3649 dum
889 3595 971 3650 tettae
987 3593 1102 3660 famare
1119 3593 1236 3649 effluam

321 3735 396 3783 nam
419 3716 558 3802 singulos
590 3734 698 3782 versus
731 3720 876 3782 accurate
909 3716 990 3782 iuter
1024 3735 1057 3782 se
1080 3714 1254 3784 conferenti
1277 3717 1378 3801 liquet
1400 3715 1507 3784 Ovidii

320 3821 403 3887 illud
435 3815 577 3886 ‘humina
611 3822 699 3885 natas
734 3820 883 3886 exhalant
917 3811 1058 3886 nebulas’
1090 3823 1196 3904 aperte
1225 3820 1410 3904 respondere
1433 3822 1506 3890 huic

319 3925 505 3991 Lucretiano
527 3917 681 3990 ‘exhalare
701 3923 789 3989 lacus
813 3923 963 3989 nebulam
984 3923 1134 4008 fluviique
1155 3925 1327 4009 perennes’.
1364 3925 1391 3993 si
1413 3945 1507 4009 porro

318 4028 402 4112 apud
423 4026 644 4110 philosopham
676 4017 803 4093 ‘radiati
835 4027 957 4092 lumIna
990 4020 1076 4092 solis’
1110 4027 1306 4109 exhibentur,
1340 4029 1375 4095 in
1399 4029 1508 4097 Ovidii

320 4149 441 4216 quoque
451 4130 592 4215 imagine
608 4128 685 4196 solis
701 4130 821 4195 mentio
835 4129 882 4209 fit,
896 4125 962 4215 ‘qui
977 4149 1040 4199 nou
1056 4130 1239 4198 admIttitur
1253 4132 1354 4199 infra’.
1371 4131 1505 4216 denique

319 4235 503 4318 neutiquam
525 4232 735 4317 spernendum
759 4251 825 4318 esee
839 4238 915 4318 puto
930 4233 974 4315 id,
997 4233 1079 4320 quod
1096 4233 1225 4302 verbum
1244 4235 1407 4303 ‘sumendi’
1421 4236 1505 4304 idem

319 4338 479 4424 significat
500 4357 596 4422 quam
618 4357 664 4418 ea,
687 4355 766 4422 qnae
789 4340 873 4423 apud
895 4338 1043 4407 Ovidium
1076 4341 1225 4426 leguntur
1256 4334 1372 4406 ‘snmus
1405 4333 1506 4428 niger'

318 4447 351 4510 et
374 4443 456 4511 ‘atra
477 4442 607 4523 favilla’,
630 4445 690 4510 etsi
712 4444 789 4510 haec
811 4445 907 4511 verba
927 4445 986 4512 hoc
1008 4446 1076 4513 loco
1099 4463 1161 4512 non
1189 4446 1227 4512 de
1255 4444 1324 4531 ipsa
1353 4444 1504 4530 imagine,

319 4549 375 4615 sed
398 4549 436 4614 de
458 4567 502 4631 re,
525 4566 604 4630 qnae
626 4546 813 4627 illustratur,
835 4552 1034 4632 usurpantur.
