3366 5132
649 513 864 576 ..37-

373 701 461 772 paulis
479 701 526 756 ati
544 701 651 758 ,Oceani
666 700 800 768 perfusus
818 700 935 766 Drrmser
953 698 1038 762 undo,

371 805 450 858 quern
472 787 564 842 Verus
582 793 647 842 oute
665 787 732 840 otios
749 791 888 840 astrorum
906 786 998 855 diripit
1016 786 1096 856 ipris,

371 873 471 928 extulit
489 889 518 928 os
536 889 644 928 suerum
662 873 735 927 coelo
753 872 932 940 tenebrasque
950 871 1068 927 resoluit.

269 998 374 1080 Ipsius
386 999 493 1062 autem
507 997 638 1080 Vergilii
649 997 754 1079 imago
767 995 875 1059 referri
888 996 991 1076 potest
1002 993 1042 1060 ad
1053 994 1184 1058 Homeri
1200 995 1347 1076 exempla,

152 1101 217 1186 iqui
242 1101 281 1166 Il.
305 1121 325 1180 χ
347 1099 409 1165 317
434 1099 636 1181 aphusiam,
660 1117 754 1180 quum
776 1096 917 1162 thilles
942 1097 1054 1176 vibrat,
1076 1096 1204 1173 ,fulsisse
1227 1100 1348 1165 narrat:

372 1218 430 1283 οἷος
449 1219 472 1284 δ’
491 1219 581 1286 ἀστὴρ
601 1219 654 1272 εἶσι
673 1218 733 1283 μετ’
753 1217 875 1284 ἀστράσι
892 1217 994 1280 νυκτὸς
1014 1217 1130 1286 ἀμολγῷ

362 1309 499 1374 ’ἕσπερος
517 1306 548 1368 ὃς
567 1305 716 1367 κάλλιστος
735 1305 766 1357 ἐν
785 1304 901 1372 οὐρανῷ
919 1303 1034 1357 ἵσταται
1051 1304 1153 1372 ἀστήρ,

162 1433 197 1494 et
220 1429 260 1494 Il.
285 1451 301 1494 ε
323 1431 343 1495 6
367 1447 413 1510 sq.
438 1427 621 1492 Diomedem
646 1417 758 1504 ἀστέρ’
782 1425 934 1510 ὀπωρινῷ
959 1423 1093 1488 similem
1119 1426 1223 1490 vocat:

783 1545 851 1598 ὅστε
870 1544 992 1609 μάλιστα

371 1635 503 1702 λαμπρὸν
521 1631 703 1700 παμφαίνῃσι
721 1631 891 1696 λελουμένος
909 1631 1070 1685 Ὠκεανοῖο·

154 1756 362 1840 ,ῃοίλιιιολοοίο
376 1758 448 1837 apte
459 1773 581 1836 quoque
592 1753 766 1818 similitudo
774 1751 967 1836 adiungitur,
977 1772 1057 1834 quae
1066 1756 1151 1819 extat
1157 1754 1196 1819 Il.
1206 1755 1274 1834 xta
1281 1773 1347 1838 sqq.

156 1921 159 1928 .
265 1877 406 1959 Denique
430 1875 613 1957 Apollonius
630 1874 922 1940 commemorandus
937 1876 994 1952 est,
1014 1877 1096 1956 apud
1113 1894 1205 1956 quem
1221 1875 1349 1942 Homeri

162 1981 317 2065 imagines
332 1981 465 2044 redeunt
481 1980 558 2062 Arg.
571 1977 654 2042 1141
674 1996 751 2060 sqq„
775 1976 900 2042 111957
926 1996 1006 2059 sqq„
1032 1977 1143 2060 quibus
1166 1981 1271 2045 tamen
1294 1982 1348 2047 ad·

164 2083 315 2164 ferendis,
349 2102 388 2147 ne
411 2084 523 2164 longus
547 2081 624 2156 sim,
654 2083 850 2162 supersedeo.
886 2080 918 2145 id
943 2082 1067 2146 tantum
1092 2082 1205 2147 addam
1227 2088 1349 2166 poetam
1437 2152 1439 2157 ,

164 2187 410 2252 Alexandrinum
434 2184 566 2267 exempli
582 2186 630 2248 sui
646 2184 780 2267 vestigia
796 2182 963 2266 diligenter
979 2185 1136 2266 pressisse,
1152 2185 1184 2249 id
1207 2187 1288 2269 quod
1311 2190 1348 2254 de

161 2289 273 2355 Ovidis
300 2289 460 2356 adfirmari
482 2291 599 2370 nequit.

265 2410 334 2477 Iam
368 2428 440 2475 vero
477 2408 625 2492 quoniam
660 2407 833 2490 disputatio
869 2410 992 2489 nostra,
1030 2415 1183 2493 quatenus
1218 2411 1349 2478 Ovidius

160 2515 313 2598 imagines
326 2533 375 2578 res
387 2513 549 2578 terrestres
562 2511 594 2575 et
606 2511 751 2576 caelestes
764 2514 938 2593 spectantes
950 2531 986 2576 ex
993 2511 1128 2578 Homero
1141 2513 1294 2594 hauserit,
1307 2517 1348 2580 ad

162 2615 255 2682 finem
271 2617 420 2700 perducta
436 2616 493 2692 est,
517 2634 616 2681 unum
631 2615 758 2680 tautum
773 2615 962 2698 relinquitur
978 2634 1077 2699 genus
1093 2617 1347 2696 similitudinum,

160 2739 240 2803 quae
263 2722 302 2786 ad
325 2721 488 2785 hominum
511 2737 605 2800 opera
627 2717 816 2784 illustranda
836 2717 1034 2783 adhibentur.
1087 2719 1199 2801 quibus
1223 2723 1254 2785 in
1277 2739 1347 2786 exn·
1376 2707 1377 2710 ¹

161 2824 318 2889 minandis
342 2824 470 2888 initium
504 2823 662 2906 rapiamus
685 2822 724 2886 ab
748 2821 886 2904 imagine
920 2821 977 2886 illa
1010 2822 1176 2888 notissima
1210 2825 1249 2890 ad
1272 2827 1348 2890 ebur

160 2928 294 2992 tinctum
318 2927 505 3010 pertinente,
530 2944 633 3007 quam,
658 2926 716 2990 etsi
740 2925 778 2988 de
802 2943 837 2988 ea
859 2925 923 2989 iam
940 2925 1150 3010 ZingerleusI
1167 2928 1230 2992 114
1249 2929 1348 2994 disse-

161 3031 240 3107 ruit,
275 3032 380 3096 tamen
413 3030 472 3094 hoo
505 3046 627 3111 quoque
667 3029 734 3093 loeo
769 3028 905 3093 breviter
939 3029 1077 3094 tractare
1111 3030 1216 3096 lieeat.
1257 3038 1348 3116 atque

159 3134 416 3216 antiquissimum
437 3131 530 3196 huius
553 3131 700 3214 imaginis
727 3132 903 3213 exemplum
916 3131 1060 3197 invenies
1076 3134 1159 3215 apud
1175 3134 1347 3201 Homerum

161 3237 198 3303 ll.
224 3243 242 3302 δ
267 3237 327 3300 141
353 3255 431 3320 sqq.‚
454 3235 508 3300 ubi
531 3235 669 3300 Menelai
692 3236 814 3299 femora
836 3235 989 3320 sangnine
1012 3237 1117 3301 tincta
1130 3229 1347 3304 ebori'similia

159 3340 318 3418 dicuntur,
341 3344 423 3422 quod
446 3339 563 3403 femina
584 3338 726 3404 Maeonia
749 3339 800 3404 vel
823 3338 934 3404 Carica
956 3357 1095 3421 purpura
1117 3341 1249 3406 colorat:

369 3462 408 3522 ὡς
427 3461 451 3511 δ’
470 3460 520 3512 ὅτε
538 3457 580 3521 τίς
597 3460 624 3510 τ’
643 3459 788 3524 ἐλέφαντα
808 3460 882 3525 γυνή
903 3459 1008 3526 φοίνικι
1028 3459 1112 3528 μιήνῃ

369 3547 479 3613 Μῃονὶς
498 3545 531 3610 ἠέ
552 3545 664 3612 Κάειρα,
682 3545 808 3614 παρήϊον
827 3547 945 3610 ἔμμεναι
962 3545 1072 3599 ἳππων·

367 3636 460 3685 κεῖται
480 3631 503 3682 δ’
522 3631 554 3684 ἐν
574 3631 702 3698 θαλάμῳ,
721 3632 822 3695 πολέες
840 3632 872 3684 τέ
892 3648 938 3695 μιν
957 3631 1104 3699 ἠρήσαντο

369 3715 471 3784 ἱππῆες
490 3717 619 3784 φορέειν·
645 3719 759 3783 βασιλῆϊ
779 3719 810 3771 δέ
830 3723 921 3771 κεῖται
941 3719 1062 3782 ἄγαλμα,
1107 3728 1112 3742 ’

367 3803 541 3871 ἀμφότερον,
560 3805 665 3868 κόσμος
685 3805 710 3856 θ’
727 3803 805 3872 ἵππῳ
825 3803 943 3872 ἐλατῆρί
962 3821 993 3857 τε
1012 3806 1105 3867 κῦδος.

153 3909 253 4010 ἀπομι
267 3924 373 3990 losum
391 3925 556 3991 manifesto
572 3925 691 3991 imitati
707 3929 780 3990 sunt
798 3925 956 4010 Vergilius
974 3927 1006 3991 et
1021 3925 1152 3992 Ovidius
1170 3944 1204 3991 eo
1220 3928 1345 4000 tantum

160 4027 199 4093 ab
224 4029 349 4094 auctore
372 4046 427 4092 suo
442 4028 556 4093 leviter
571 4030 762 4110 recedentes,
785 4029 866 4112 quod
884 4030 983 4094 colore
999 4030 1099 4094 eboris
1115 4030 1208 4095 tinoti
1224 4030 1345 4096 vultum

154 4130 370 4196 erubescentis
403 4131 525 4213 puellae
560 4131 625 4195 sive
658 4133 745 4213 pueri
779 4131 1057 4200 adumbraverunt.
1092 4133 1138 4198 sio
1162 4119 1346 4214 apudVes-

152 4234 268 4318 ‘gilium
291 4233 438 4299 Lauiniae
461 4234 590 4318 virginis
614 4234 825 4300 erubescentis
849 4236 932 4301 oolor
956 4237 1113 4301 confertur
1136 4235 1219 4301 ebori
1238 4237 1346 4302 Indico
1416 4229 1418 4236 ’

161 4357 232 4404 suoo
256 4356 411 4422 purpureo
434 4339 534 4405 tincto
557 4341 635 4406 Aen.
654 4336 716 4404 XII
738 4338 778 4403 67
803 4359 866 4424 sq.:

365 4459 470 4514 Indum
487 4461 639 4531 sanguineo
656 4460 741 4514 ueluti
758 4459 903 4515 uiolauerit
921 4467 993 4514 ostro

365 4545 390 4598 si
407 4545 469 4614 pais
488 4547 553 4601 ebor
575 4575 588 4598 s
611 4583 618 4596 .
645 4584 651 4599 .
