3366 5132
837 453 1090 571 „ro-⁹

362 694 623 778 praedicationem
646 695 679 757 iu
702 693 958 775 philosophorum
992 695 1112 760 scilicet
1141 695 1393 760 astronomorum
1424 691 1529 757 laudes

358 797 560 880 compositam
583 796 632 862 his
655 797 795 862 versibus
819 789 972 862 adfinem
995 797 1102 864 duxit:

559 931 608 970 uos
628 933 730 986 quoque
746 918 796 971 sub
814 917 929 971 ducibus
946 918 1052 971 coelum
1069 917 1233 972 metabimur
1250 918 1314 980 iliis,

607 1019 793 1071 ponemusque
811 1019 875 1057 suos
892 1002 929 1056 ud
946 1019 1018 1072 rapu
1035 1004 1117 1073 cipue
1135 1004 1201 1070 dies,

359 1109 449 1175 facilc
483 1108 543 1173 tibi
575 1110 762 1191 persuadeas
802 1109 926 1192 poetam
965 1109 1144 1174 Lucretium
1185 1109 1386 1192 potissimum
1426 1106 1535 1171 ducem

358 1212 501 1279 habuisse
523 1212 580 1276 hoc
602 1213 634 1296 in
657 1213 762 1278 labore
786 1212 982 1278 conficiendo.
1028 1213 1145 1278 etenim
1167 1219 1289 1295 praeter
1321 1231 1430 1277 versus
1453 1212 1538 1276 ants-

359 1317 510 1397 cedentes,
535 1317 716 1399 exquibus,
741 1334 811 1380 cum
834 1315 1038 1382 Lucretianas
1066 1318 1217 1400 quasdam
1249 1317 1420 1382 sententias
1448 1313 1537 1378 redo-

345 1421 453 1504 leant,
475 1420 543 1484 iure
567 1419 697 1502 colligas
720 1420 778 1484 hoc
800 1439 919 1503 quoque
948 1421 1127 1500 distichum,
1160 1440 1220 1504 quo
1249 1422 1316 1486 tota
1344 1416 1535 1505 praedicatio

360 1525 479 1605 finitur,
502 1523 542 1587 ad
564 1523 747 1587 Lucretium
770 1524 935 1608 pertinere,
965 1523 1051 1588 idem
1073 1544 1109 1588 cn
1137 1543 1172 1589 co
1202 1525 1377 1590 luculenter
1408 1539 1536 1604 cognos-

359 1628 450 1705 citur,
473 1627 554 1709 qucd
578 1627 661 1691 Naso
685 1626 733 1690 his
756 1625 896 1690 versibus
920 1630 970 1691 sat
986 1630 1090 1708 aperte
1107 1645 1174 1692 sese
1192 1628 1397 1710 adplicavisse
1415 1626 1536 1691 videtur

357 1735 395 1799 ad
417 1733 599 1798 Lucretium
623 1730 651 1795 V
676 1730 759 1795 1183
781 1750 865 1813 sqq.:

560 1856 707 1920 praeterea
725 1851 793 1904 eceli
811 1851 933 1904 rationes
950 1850 1047 1904 ordiue
1065 1857 1137 1905 certo

564 1943 590 1992 et
606 1937 687 1992 ouria
705 1953 844 1990 uuuorum
862 1936 1008 1990 ceruebaut
1026 1943 1149 2006 tempora
1167 1939 1241 2002 certi,

563 2040 614 2078 uec
627 2028 760 2091 poteraut
777 2023 875 2091 quibus
893 2024 923 2077 m
942 2023 1020 2091 fieret
1039 2041 1192 2095 eopuoscere
1211 2025 1309 2079 causis.

360 2152 430 2198 eum
454 2133 536 2195 enim
559 2130 721 2196 Lucretius
744 2129 793 2193 his
810 2130 952 2195 versibus
969 2148 1020 2194 eos
1037 2128 1202 2213 significet,
1227 2133 1279 2212 qui
1295 2130 1403 2205 solem,
1420 2129 1537 2204 lunam,¹

360 2235 460 2301 sidera
492 2236 523 2298 et
556 2233 642 2298 varia
665 2253 816 2298 annorum
849 2233 990 2316 tempora
1013 2235 1118 2299 ordine
1141 2233 1274 2315 quodam
1298 2232 1378 2297 verti
1401 2231 1539 2296 animad-

362 2341 530 2416 verterunt,
555 2338 620 2421 ipse
644 2341 760 2415 autem,
784 2338 897 2420 quibus
921 2337 958 2402 de
981 2339 1079 2402 causis
1102 2337 1135 2402 id
1157 2339 1224 2420 fiat,
1247 2341 1327 2422 quod
1342 2337 1393 2401 illi
1414 2354 1541 2418 cognos-

363 2461 429 2508 cere
453 2459 513 2505 non
536 2441 723 2523 potuerunt,
748 2441 963 2524 explicaverit,
993 2440 1068 2524 quid
1095 2444 1160 2506 iam
1190 2443 1327 2524 apertius
1359 2444 1418 2516 est,
1448 2457 1542 2521 quam

362 2547 509 2613 Ovidium
533 2546 591 2610 hoc
614 2547 675 2611 sibi
698 2546 867 2628 sumpsisse
891 2547 930 2611 ad
953 2547 1162 2625 tractandum,
1187 2551 1232 2624 ut,
1250 2566 1321 2611 cum
1335 2545 1398 2610 iam
1415 2544 1454 2610 ab
1473 2543 1543 2609 aliis

361 2653 395 2717 in
417 2650 554 2716 siderum
577 2649 831 2714 conversionibus
868 2653 971 2714 certus
995 2651 1121 2732 quidam
1144 2650 1218 2714 ordo
1242 2649 1428 2715 observatus
1451 2654 1541 2731 esset,

360 2755 523 2822 Lucretius
546 2759 662 2832 autem,
686 2773 740 2818 cur
755 2752 788 2817 id
804 2752 900 2833 fieret,
918 2753 1144 2835 explicavisset,
1159 2753 1226 2836 ipso
1242 2753 1290 2818 his
1307 2753 1437 2819 ducibus
1454 2754 1543 2836 vagis

364 2861 468 2937 astris,
503 2878 581 2941 quae
604 2876 659 2922 suo
683 2862 714 2921 et
736 2856 795 2921 fixo
818 2859 956 2940 tempore
991 2857 1133 2923 oriuntur
1156 2858 1187 2922 ot
1210 2858 1370 2934 occidunt,
1400 2857 1542 2940 proprios

362 2963 427 3028 dies
449 2959 653 3044 adsignaret‘?
686 2979 764 3043 quae
789 2978 860 3024 cum
884 2962 930 3025 ita
952 2961 1032 3040 sint,
1067 2981 1149 3027 nunc
1172 2961 1297 3026 demum
1333 2962 1417 3025 hunc
1439 2961 1543 3025 totum

361 3067 464 3130 locum
489 3063 677 3130 Ouidianum
701 3064 825 3146 penitus
847 3064 1067 3147 intellegemus
1089 3084 1188 3147 neque
1211 3063 1443 3142 dubitabimus,
1467 3065 1542 3147 quin

366 3175 456 3254 poeta
477 3169 707 3252 praedications
730 3169 786 3233 illa
807 3161 926 3234 ‘felices
949 3169 1082 3234 animac'
1105 3174 1230 3252 atquae
1247 3173 1403 3247 secuntur,
1420 3171 1543 3252 praeter

365 3275 443 3338 alios
459 3275 653 3338 astronomos
668 3273 702 3336 in
718 3273 828 3354 primis
840 3273 1022 3336 Lucretium
1038 3277 1111 3338 ante
1122 3273 1226 3338 oculos
1242 3273 1396 3351 habuerit,
1410 3289 1542 3355 quorum

361 3378 546 3442 innumero
569 3396 634 3441 sese
657 3375 763 3459 ipsum
793 3377 940 3440 extremis
969 3378 1111 3443 versibus
1134 3395 1249 3458 ponere
1272 3376 1375 3442 audet.
1413 3394 1485 3458 ergo
1509 3394 1544 3439 ex

358 3481 409 3546 his
431 3499 562 3564 quoquo,
588 3499 662 3564 quos
685 3481 787 3545 adhuc
809 3481 1023 3560 tractavimus,
1049 3481 1187 3547 versibus
1217 3479 1389 3559 Ovidianis,
1425 3478 1540 3562 quibus

361 3589 452 3666 poeta
473 3586 556 3649 locos
581 3584 730 3666 quosdam
751 3583 952 3648 Lucretianos
975 3584 1143 3669 significat,
1165 3603 1351 3668 cognoscere
1366 3602 1542 3666 possumus,

363 3706 457 3770 quam
489 3687 624 3752 firmiter
645 3687 729 3754 Naso
763 3687 857 3752 huius
891 3705 1014 3752 carmen
1050 3689 1087 3752 de
1120 3707 1226 3752 rerum
1258 3691 1370 3754 natura
1393 3688 1542 3752 memoria

362 3810 418 3856 sua
439 3792 582 3856 tenuerit.

465 3892 661 3976 Quamquam
678 3896 730 3960 vin
742 3914 931 3979 quemquam
944 3914 1009 3960 osse
1021 3897 1207 3978 putaverim,
1221 3895 1274 3979 qui
1286 3896 1360 3961 huic
1372 3895 1545 3961 sententiae

365 4000 414 4062 tot
443 3996 604 4079 tantisque
638 4000 830 4081 argumentis
853 4019 871 4064 a
900 4019 950 4065 mo
973 4001 1117 4065 defensae
1139 4001 1289 4084 refragari
1318 4000 1406 4078 velit,
1435 4001 1543 4065 tamen

366 4101 468 4166 adhuc
489 4101 522 4164 in
545 4103 692 4185 promptu
716 4103 812 4169 habeo
834 4105 1042 4188 exemplorum
1060 4107 1243 4187 congeriem,
1267 4104 1380 4185 quibus
1396 4101 1544 4170 Ovidium

364 4205 396 4268 in
419 4202 558 4268 Lucretii
582 4205 770 4271 carminibus
792 4210 916 4290 penitus
940 4210 1100 4274 versatum
1115 4209 1213 4274 fuisse
1228 4209 1392 4272 evincitur.
1414 4225 1541 4290 possum

364 4307 446 4374 enim
467 4308 571 4374 locum
594 4308 723 4383 adferre,
747 4310 801 4392 qui
825 4314 863 4377 ad
887 4331 954 4376 eam
977 4332 1041 4377 rom
1065 4312 1309 4378 confirmandam
1331 4311 1411 4376 milri
1434 4310 1542 4392 magni

364 4412 515 4477 momenti
538 4431 603 4478 esse
626 4413 758 4489 videtur,
783 4414 849 4480 dico
873 4417 1085 4498 campartem
1107 4415 1399 4498 Metamorphoseon
1427 4414 1449 4480 l.
1473 4413 1542 4490 XV,

365 4515 419 4582 ubi
440 4515 636 4599 Pythagorae
659 4517 801 4583 doctrina
816 4518 998 4599 explicatur.
1021 4519 1094 4585 huic
1110 4519 1194 4584 enirn
1211 4517 1388 4601 philosopho
1404 4517 1542 4596 Ovidius,
